2000 3700
612 260 962 313 LtBER
1027 258 1207 313 xxx.
1553 266 1656 327 m

156 347 323 402 nidici
345 348 489 421 supra
520 350 624 403 duo
654 350 818 402 millia
838 351 1158 431 septingenti,
1193 350 1444 420 elephanti
1469 350 1558 403 sex
1579 368 1661 403 ca-

154 432 253 497 pti3
285 419 402 480 080
414 432 636 481 *flamma
666 429 907 496 ferroque
942 416 1210 495 absumpti,
1245 444 1528 495 magnaque
1575 430 1666 481 vit

152 524 402 560 armorum
430 519 591 577 capta.
660 511 737 560 Ea
768 510 938 559 omnia
963 510 1236 576 imperator
1251 509 1485 560 Vulcano
1502 508 1662 559 sacra·

152 594 200 635 ta
223 584 467 635 incendit.

212 667 338 713 vn.
354 663 635 714 Hasdrubal
652 678 720 715 ex
735 662 877 731 fuga,
892 678 1008 712 cum
1024 662 1214 731 paucis,
1229 662 1474 714 Afrorum
1488 661 1668 715 urbem

150 740 433 807 proximam
452 741 699 808 petierat:
734 743 898 807 eoque
916 752 1112 803 ornnes,
1134 739 1222 805 qui
1241 737 1546 809 supererant,
1573 754 1666 789 ve-

148 819 287 885 stigia
318 818 469 869 'ducis
508 820 786 887 sequentes,
825 818 875 869 sc
910 820 1241 869 contulerant.
1292 826 1432 867 metu
1467 816 1668 883 deinde,

149 910 211 948 ne
240 897 508 948 dederetur
543 897 787 966 Scipioni,
838 897 963 947 urbe
1015 895 1235 947 exceffit.
1305 898 1440 946 Mox
1484 894 1664 947 eodem

148 978 431 1044 patentibus
458 978 619 1045 portis
650 976 867 1029 Romani
890 973 1118 1041 accepti:
1154 988 1246 1023 nec
1279 974 1546 1041 quicquam
1565 970 1668 1025 ho-

150 1056 265 1120 stile,
300 1057 424 1123 quia
450 1052 715 1105 voluntate
738 1054 1074 1105 concesserant
1091 1052 1144 1102 in
1165 1050 1426 1117 ditionem,
1451 1051 1664 1107 sactum.

148 1132 271 1182 Duae
304 1131 519 1181 subinde
552 1132 701 1182 urbes
735 1141 895 1199 captae
926 1130 1250 1198 direptaeque.
1297 1142 1356 1177 ca
1388 1129 1570 1197 praeda,
1605 1128 1663 1183 ἁ

148 1222 253 1273 quae
266 1210 439 1259 castris
460 1224 527 1259 ex
544 1208 753 1259 incensis
772 1209 822 1259 8<
846 1210 961 1273 igue
982 1218 1126 1274 rapta
1143 1214 1266 1270 erat,
1281 1205 1428 1255 militi
1443 1203 1668 1259 concessh

148 1287 231 1337 est.
298 1290 519 1356 syphax
537 1286 653 1340 osto
670 1288 884 1339 millium
902 1286 1058 1337 fenne
1076 1285 1190 1341 inde
1205 1284 1372 1352 spatio
1388 1286 1506 1335 loco
1523 1298 1667 1335 corn-

147 1366 351 1416 munito
380 1366 624 1417 consedit.
692 1364 971 1417 Hasdrubal
1002 1365 1360 1429 Karthaginem
1389 1362 1670 1432 contendit,

150 1456 208 1494 ne
229 1444 358 1513 quid
382 1460 471 1513 per
497 1454 691 1495 metum
709 1458 777 1493 ex
800 1442 986 1493 recenti
1019 1440 1157 1493 clade
1173 1442 1370 1493 mollius
1393 1440 1668 1493 consulere·

150 1534 248 1575 tur.
290 1528 401 1593 quo
430 1532 598 1575 tantus
620 1524 784 1593 primo
801 1522 1045 1573 terrorest
1066 1522 1262 1587 allatuS,
1292 1531 1368 1586 ut,
1401 1522 1579 1571 omissa
1591 1524 1664 1573 U-

151 1603 265 1666 tica,
308 1604 668 1674 Karthaginem
704 1602 959 1653 crederent
977 1600 1236 1668 extemplo
1261 1602 1539 1668 Scipionem
1558 1598 1664 1652 ob·-

154 1680 414 1733 sessurum.
486 1689 717 1734 Senatum
753 1684 925 1749 itaque
958 1680 1163 1731 Suffetcs
1197 1681 1350 1747 (quod
1373 1682 1513 1731 velut
1539 1694 1661 1731 con·

154 1760 321 1812 sulare
358 1764 624 1829 imperium
663 1760 799 1829 apud
828 1759 915 1810 'eos
950 1763 1075 1824 erat)
1110 1770 1446 1810 vocaverunt.
1515 1759 1596 1808 Ibi
1630 1760 1661 1810 ὲ

154 1842 337 1904 tribue,
389 1840 510 1906 (una
548 1841 608 1894 de
649 1848 772 1910 pace
810 1836 1114 1906 legatos*ad
1157 1838 1438 1906 Scipionem
1485 1836 1658 1888 decer·

152 1921 347 1972 nebat:
380 1921 537 1970 altera
570 1913 905 1971 Hannibalem
934 1917 1000 1968 ad
1032 1915 1268 1968 tuendam
1311 1917 1378 1967 ab
1412 1917 1662 1974 exitiabili

154 1997 299 2051 bello
342 2003 553 2072 patriam
596 1999 872 2051 revocabat
890 2017 905 2048 :
948 1999 1096 2048 tertia
1128 1999 1368 2047 Romana:
1397 1996 1447 2045 in
1483 1995 1545 2044 ad
1556 2009 1670 2046 ver·

154 2079 213 2131 fis
230 2079 385 2130 rebus
402 2079 685 2132 constantiae
723 2088 853 2140 crat;
883 2073 1212 2145 reparandum
1247 2074 1540 2133 exercitum,
1575 2075 1672 2140 Sy·

154 2160 469 2226 phacemque
496 2157 821 2219 hortandum,
853 2171 915 2207 ne
944 2155 1080 2206 bello
1109 2152 1369 2216 absisteret,
1420 2151 1678 2220 censebat)

156 2237 267 2288 haec
286 2235 545 2301 sententia,
580 2237 698 2303 quia
722 2230 997 2284 Hasdrubal
1033 2229 1245 2316 presens
1280 2229 1592 2296 Barcinaeque
1614 2243 1670 2280 o·

156 2329 305 2366 mnes
326 2313 554 2366 safflonis
582 2315 770 2364 bellum
795 2299 1062 2375 malebant,
1104 2310 1247 2358 vicit.
1316 2306 1438 2356 Inde
1456 2305 1671 2358 delestue

157 2393 213 2444 in
230 2393 357 2444 urbe
374 2394 600 2461 agrisque
620 2392 799 2444 haberi
817 2399 1020 2459 coeptus,
1055 2389 1106 2440 ἀ
1127 2387 1191 2438 ad
1226 2387 1502 2454 Syphacem
1522 2385 1668 2451 lega-

156 2473 203 2526 ti
237 2473 385 2539 miffi,
430 2473 637 2526 summi·
661 2487 760 2540 ope
798 2471 849 2521 ec
890 2467 1054 2538 ipsum
1098 2475 1409 2536 reparantem
1451 2465 1672 2520 belluina

161 2569 325 2622 quum
357 2567 491 2604 uxor
520 2568 624 2605 non
641 2551 766 2618 jam,
798 2559 856 2600 ut
888 2551 1020 2610 ante,
1051 2544 1322 2606 blanditiis,
1357 2544 1471 2596 satis
1490 2553 1672 2612 poten·

64 2665 71 2672 -
162 2631 300 2681 tibu's
318 2629 383 2680 ad
415 2630 644 2681 animum
665 2628 893 2691 amantiS,
928 2625 1010 2678 sed
1039 2623 1270 2693 precibus
1301 2621 1352 2673 δε
1383 2621 1674 2674 misericor-

162 2707 249 2758 dia
276 2707 523 2771 valuisset,
556 2706 705 2774 plena
736 2704 1052 2755 lacrimarum
1085 2697 1346 2761 obtestans,
1381 2713 1445 2748 ne
1477 2710 1672 2768 patrem

162 2785 309 2838 fuum
348 2787 665 2856 patriamque
702 2783 949 2852 proderet,
994 2779 1265 2852 iisdemque
1302 2779 1510 2829 fiammis
1545 2783 1674 2831 Kar·

164 2867 438 2934 thaginem,
476 2865 662 2934 quibus
700 2863 851 2914 castra
886 2856 1276 2926 conflagrassent,
1316 2857 1509 2910 absumi
1547 2859 1580 2911 s
1586 2875 1674 2912 nc-

165 2955 262 2996 ret
328 2949 476 3014 Spem
512 2955 721 3011 quoque
756 2941 1034 3008 opportune
1067 2935 1286 2988 oblatam
1310 2935 1581 2988 afferebant
1599 2937 1675 2987 le-

168 3025 302 3092 gati:
338 3035 562 3092 quatuor
583 3020 741 3073 millia
766 3019 1126 3069 Celtiberorum
1154 3016 1286 3066 circa
1313 3018 1488 3066 urbem
1513 3015 1675 3066 nomi-

168 3117 231 3156 ιο
248 3103 469 3171 Abbam,
505 3099 574 3154 ab
604 3095 1020 3166 conquisitoribus
1047 3093 1146 3146 suit
1161 3093 1442 3148 condutta
1427 3109 1480 3146 in
1496 3091 1672 3168 Hispa-
