<?xml version="1.0" encoding="UTF-8"?>
<!DOCTYPE html PUBLIC "-//W3C//DTD XHTML 1.0 Transitional//EN"
    "http://www.w3.org/TR/xhtml1/DTD/xhtml1-transitional.dtd">
<html xmlns="http://www.w3.org/1999/xhtml" xml:lang="en" lang="en">
 <head>
  <title>
</title>
<meta http-equiv="Content-Type" content="text/html;charset=utf-8" />
  <meta name='ocr-system' content='tesseract 3.04.00' />
  <meta name='ocr-capabilities' content='ocr_page ocr_carea ocr_par ocr_line ocrx_word'/>
</head>
<body>
  <div class='ocr_page' id='page_1' title='image "./titiliviipatavi02ruddgoog_0487.png"; bbox 0 0 2000 3700; ppageno 0'>
   <div class='ocr_carea' id='block_1_1' title="bbox 487 251 1605 323">
    <p class='ocr_par' dir='ltr' id='par_1_1' title="bbox 487 251 1605 323">
     <span class='ocr_line' id='line_1_1' title="bbox 487 251 1605 323; baseline 0.013 -20"><span class='ocrx_word' id='word_1_1' title='bbox 487 255 532 305; x_wconf 90' lang='lat' dir='ltr'>L</span> <span class='ocrx_word' id='word_1_2' title='bbox 565 255 591 305; x_wconf 93' lang='lat'>1</span> <span class='ocrx_word' id='word_1_3' title='bbox 631 251 668 299; x_wconf 80' lang='lat' dir='ltr'>B</span> <span class='ocrx_word' id='word_1_4' title='bbox 701 256 744 304; x_wconf 86' lang='lat' dir='ltr'><strong>E</strong></span> <span class='ocrx_word' id='word_1_5' title='bbox 777 254 822 304; x_wconf 83' lang='lat' dir='ltr'>R</span> <span class='ocrx_word' id='word_1_6' title='bbox 889 251 1171 305; x_wconf 74' lang='lat' dir='ltr'>xxxv-11.</span> <span class='ocrx_word' id='word_1_7' title='bbox 1443 313 1450 323; x_wconf 71' lang='grc'>,</span> <span class='ocrx_word' id='word_1_8' title='bbox 1488 264 1605 316; x_wconf 79' lang='grc'><strong><em>477·</em></strong></span> 
     </span>
    </p>
   </div>
   <div class='ocr_carea' id='block_1_2' title="bbox 77 340 1607 1411">
    <p class='ocr_par' dir='ltr' id='par_1_2' title="bbox 77 340 1607 1411">
     <span class='ocr_line' id='line_1_2' title="bbox 77 340 1593 409; baseline -0.001 -16"><span class='ocrx_word' id='word_1_9' title='bbox 77 342 142 393; x_wconf 68' lang='lat' dir='ltr'>ad</span> <span class='ocrx_word' id='word_1_10' title='bbox 177 344 362 392; x_wconf 80' lang='lat' dir='ltr'>terram</span> <span class='ocrx_word' id='word_1_11' title='bbox 400 356 590 409; x_wconf 83' lang='lat' dir='ltr'>proras,</span> <span class='ocrx_word' id='word_1_12' title='bbox 635 343 918 409; x_wconf 86' lang='lat' dir='ltr'>quindecim</span> <span class='ocrx_word' id='word_1_13' title='bbox 959 344 1117 393; x_wconf 83' lang='lat' dir='ltr'>ferme</span> <span class='ocrx_word' id='word_1_14' title='bbox 1156 342 1227 392; x_wconf 89' lang='lat' dir='ltr'>eis</span> <span class='ocrx_word' id='word_1_15' title='bbox 1262 354 1416 393; x_wconf 79' lang='lat' dir='ltr'>naves</span> <span class='ocrx_word' id='word_1_16' title='bbox 1442 340 1593 393; x_wconf 81' lang='lat' dir='ltr'>‚circa</span> 
     </span>
     <span class='ocr_line' id='line_1_3' title="bbox 77 412 1593 489; baseline 0.001 -20"><span class='ocrx_word' id='word_1_17' title='bbox 77 412 428 485; x_wconf 75' lang='lat' dir='ltr'>Myonnesum</span> <span class='ocrx_word' id='word_1_18' title='bbox 449 432 800 489; x_wconf 86' lang='lat' dir='ltr'>apparuerunt,</span> <span class='ocrx_word' id='word_1_19' title='bbox 835 438 956 487; x_wconf 83' lang='lat' dir='ltr'>quas</span> <span class='ocrx_word' id='word_1_20' title='bbox 993 424 1159 489; x_wconf 79' lang='lat' dir='ltr'>primo</span> <span class='ocrx_word' id='word_1_21' title='bbox 1194 436 1261 471; x_wconf 83' lang='lat' dir='ltr'>ex</span> <span class='ocrx_word' id='word_1_22' title='bbox 1284 420 1427 471; x_wconf 86' lang='lat' dir='ltr'>claffe</span> <span class='ocrx_word' id='word_1_23' title='bbox 1450 422 1593 485; x_wconf 77' lang='lat' dir='ltr'>regia</span> 
     </span>
     <span class='ocr_line' id='line_1_4' title="bbox 78 495 1593 565; baseline 0.001 -20"><span class='ocrx_word' id='word_1_24' title='bbox 78 507 266 560; x_wconf 79' lang='lat' dir='ltr'>praetor</span> <span class='ocrx_word' id='word_1_25' title='bbox 289 495 386 546; x_wconf 82' lang='lat' dir='ltr'>effe</span> <span class='ocrx_word' id='word_1_26' title='bbox 406 510 558 558; x_wconf 81' lang='lat' dir='ltr'>ratus,</span> <span class='ocrx_word' id='word_1_27' title='bbox 597 499 772 549; x_wconf 86' lang='lat' dir='ltr'>institit</span> <span class='ocrx_word' id='word_1_28' title='bbox 794 498 949 565; x_wconf 89' lang='lat' dir='ltr'>sequi.</span> <span class='ocrx_word' id='word_1_29' title='bbox 997 499 1228 565; x_wconf 84' lang='lat' dir='ltr'>apparuit</span> <span class='ocrx_word' id='word_1_30' title='bbox 1252 497 1381 561; x_wconf 87' lang='lat' dir='ltr'>inde,</span> <span class='ocrx_word' id='word_1_31' title='bbox 1416 497 1593 565; x_wconf 82' lang='lat' dir='ltr'>pirati-</span> 
     </span>
     <span class='ocr_line' id='line_1_5' title="bbox 84 576 1594 627; baseline 0.002 -5"><span class='ocrx_word' id='word_1_32' title='bbox 84 589 164 623; x_wconf 82' lang='lat' dir='ltr'>cas</span> <span class='ocrx_word' id='word_1_33' title='bbox 187 576 382 625; x_wconf 84' lang='lat' dir='ltr'>celoces</span> <span class='ocrx_word' id='word_1_34' title='bbox 404 577 454 627; x_wconf 81' lang='lat'>&amp;</span> <span class='ocrx_word' id='word_1_35' title='bbox 479 577 666 627; x_wconf 85' lang='lat' dir='ltr'>lembos</span> <span class='ocrx_word' id='word_1_36' title='bbox 690 576 802 627; x_wconf 81' lang='lat' dir='ltr'>effe.</span> <span class='ocrx_word' id='word_1_37' title='bbox 854 578 1099 627; x_wconf 87' lang='lat' dir='ltr'>Chiorum</span> <span class='ocrx_word' id='word_1_38' title='bbox 1122 576 1425 626; x_wconf 82' lang='lat' dir='ltr'><strong>maritimam</strong></span> <span class='ocrx_word' id='word_1_39' title='bbox 1450 587 1594 626; x_wconf 82' lang='lat' dir='ltr'>o&#39;ram</span> 
     </span>
     <span class='ocr_line' id='line_1_6' title="bbox 83 649 1597 721; baseline 0.003 -23"><span class='ocrx_word' id='word_1_40' title='bbox 83 649 396 719; x_wconf 87' lang='lat' dir='ltr'>depopulati,</span> <span class='ocrx_word' id='word_1_41' title='bbox 410 669 524 703; x_wconf 89' lang='lat' dir='ltr'>cum</span> <span class='ocrx_word' id='word_1_42' title='bbox 549 656 710 705; x_wconf 87' lang='lat' dir='ltr'>omnis</span> <span class='ocrx_word' id='word_1_43' title='bbox 732 655 926 719; x_wconf 64' lang='lat' dir='ltr'>generis</span> <span class='ocrx_word' id='word_1_44' title='bbox 941 654 1101 721; x_wconf 76' lang='lat' dir='ltr'>praeda</span> <span class='ocrx_word' id='word_1_45' title='bbox 1126 664 1447 716; x_wconf 72' lang='lat' dir='ltr'>revertente8‚</span> <span class='ocrx_word' id='word_1_46' title='bbox 1462 654 1597 721; x_wconf 85' lang='lat' dir='ltr'>post--</span> 
     </span>
     <span class='ocr_line' id='line_1_7' title="bbox 84 727 1599 796; baseline 0.003 -18"><span class='ocrx_word' id='word_1_47' title='bbox 84 744 238 795; x_wconf 86' lang='lat' dir='ltr'>quam</span> <span class='ocrx_word' id='word_1_48' title='bbox 264 731 440 781; x_wconf 81' lang='lat' dir='ltr'>videre</span> <span class='ocrx_word' id='word_1_49' title='bbox 475 746 542 782; x_wconf 85' lang='lat' dir='ltr'>cx</span> <span class='ocrx_word' id='word_1_50' title='bbox 575 732 678 782; x_wconf 80' lang='lat' dir='ltr'>aito</span> <span class='ocrx_word' id='word_1_51' title='bbox 714 730 924 795; x_wconf 64' lang='lat' dir='ltr'>classem,</span> <span class='ocrx_word' id='word_1_52' title='bbox 959 733 1013 782; x_wconf 89' lang='lat' dir='ltr'>in</span> <span class='ocrx_word' id='word_1_53' title='bbox 1033 727 1205 796; x_wconf 57' lang='lat' dir='ltr'>&gt;sugam</span> <span class='ocrx_word' id='word_1_54' title='bbox 1230 740 1508 782; x_wconf 82' lang='lat' dir='ltr'>verterunt.</span> <span class='ocrx_word' id='word_1_55' title='bbox 1545 731 1599 784; x_wconf 67' lang='lat' dir='ltr'>Ue</span> 
     </span>
     <span class='ocr_line' id='line_1_8' title="bbox 84 806 1601 879; baseline 0.005 -24"><span class='ocrx_word' id='word_1_56' title='bbox 84 806 343 858; x_wconf 85' lang='lat' dir='ltr'>celeritate</span> <span class='ocrx_word' id='word_1_57' title='bbox 385 809 696 877; x_wconf 84' lang='lat' dir='ltr'>superabant,</span> <span class='ocrx_word' id='word_1_58' title='bbox 731 810 1006 859; x_wconf 84' lang='lat' dir='ltr'>levioribus</span> <span class='ocrx_word' id='word_1_59' title='bbox 1034 810 1093 879; x_wconf 51' lang='lat' dir='ltr'>x81</span> <span class='ocrx_word' id='word_1_60' title='bbox 1128 808 1191 860; x_wconf 85' lang='lat' dir='ltr'>ad</span> <span class='ocrx_word' id='word_1_61' title='bbox 1234 810 1284 860; x_wconf 85' lang='lat' dir='ltr'>id</span> <span class='ocrx_word' id='word_1_62' title='bbox 1319 808 1601 862; x_wconf 71' lang='lat' dir='ltr'>fabrefactis</span> 
     </span>
     <span class='ocr_line' id='line_1_9' title="bbox 81 886 1599 956; baseline 0.003 -21"><span class='ocrx_word' id='word_1_63' title='bbox 81 886 327 950; x_wconf 81' lang='lat' dir='ltr'>navigiis,</span> <span class='ocrx_word' id='word_1_64' title='bbox 361 888 414 938; x_wconf 66' lang='grc' dir='ltr'>ἃ</span> <span class='ocrx_word' id='word_1_65' title='bbox 437 888 695 955; x_wconf 82' lang='lat' dir='ltr'>propiores</span> <span class='ocrx_word' id='word_1_66' title='bbox 719 898 858 938; x_wconf 83' lang='lat' dir='ltr'>terrae</span> <span class='ocrx_word' id='word_1_67' title='bbox 881 898 1039 937; x_wconf 86' lang='lat' dir='ltr'>crant.</span> <span class='ocrx_word' id='word_1_68' title='bbox 1082 890 1278 953; x_wconf 86' lang='lat' dir='ltr'>Itaque,</span> <span class='ocrx_word' id='word_1_69' title='bbox 1313 888 1599 956; x_wconf 83' lang='lat' dir='ltr'>priusquam</span> 
     </span>
     <span class='ocr_line' id='line_1_10' title="bbox 84 964 1603 1033; baseline 0.004 -21"><span class='ocrx_word' id='word_1_70' title='bbox 84 966 520 1031; x_wconf 81' lang='lat' dir='ltr'>appropinquaret</span> <span class='ocrx_word' id='word_1_71' title='bbox 541 967 708 1028; x_wconf 45' lang='lat' dir='ltr'>elafii&amp;</span> <span class='ocrx_word' id='word_1_72' title='bbox 744 966 1084 1032; x_wconf 83' lang='lat' dir='ltr'>Myonnesum</span> <span class='ocrx_word' id='word_1_73' title='bbox 1110 964 1450 1033; x_wconf 73' lang='lat' dir='ltr'>per-fugerunt.</span> <span class='ocrx_word' id='word_1_74' title='bbox 1504 982 1603 1017; x_wconf 82' lang='lat' dir='ltr'>un-</span> 
     </span>
     <span class='ocr_line' id='line_1_11' title="bbox 87 1039 1599 1109; baseline 0.002 -18"><span class='ocrx_word' id='word_1_75' title='bbox 87 1040 152 1091; x_wconf 83' lang='lat' dir='ltr'>de</span> <span class='ocrx_word' id='word_1_76' title='bbox 176 1039 228 1091; x_wconf 90' lang='lat' dir='ltr'>se</span> <span class='ocrx_word' id='word_1_77' title='bbox 249 1048 282 1091; x_wconf 73' lang='lat' dir='ltr'>a</span> <span class='ocrx_word' id='word_1_78' title='bbox 317 1054 467 1109; x_wconf 84' lang='lat' dir='ltr'>portu</span> <span class='ocrx_word' id='word_1_79' title='bbox 501 1054 632 1095; x_wconf 84' lang='lat' dir='ltr'>ratus</span> <span class='ocrx_word' id='word_1_80' title='bbox 666 1044 1019 1094; x_wconf 62' lang='lat' dir='ltr'>abstracturum</span> <span class='ocrx_word' id='word_1_81' title='bbox 1051 1058 1224 1109; x_wconf 78' lang='lat' dir='ltr'>naves,</span> <span class='ocrx_word' id='word_1_82' title='bbox 1258 1045 1461 1109; x_wconf 72' lang='lat' dir='ltr'>ignarus</span> <span class='ocrx_word' id='word_1_83' title='bbox 1496 1043 1599 1095; x_wconf 75' lang='lat' dir='ltr'>loci</span> 
     </span>
     <span class='ocr_line' id='line_1_12' title="bbox 83 1120 1601 1191; baseline 0.001 -20"><span class='ocrx_word' id='word_1_84' title='bbox 83 1120 393 1187; x_wconf 84' lang='lat' dir='ltr'>sequebatur</span> <span class='ocrx_word' id='word_1_85' title='bbox 425 1133 626 1191; x_wconf 74' lang='lat' dir='ltr'>praetor.</span> <span class='ocrx_word' id='word_1_86' title='bbox 695 1122 1009 1189; x_wconf 83' lang='lat' dir='ltr'>Myonnesus</span> <span class='ocrx_word' id='word_1_87' title='bbox 1042 1122 1445 1189; x_wconf 79' lang='lat' dir='ltr'>promontorium</span> <span class='ocrx_word' id='word_1_88' title='bbox 1471 1124 1601 1173; x_wconf 85' lang='lat' dir='ltr'>inter</span> 
     </span>
     <span class='ocr_line' id='line_1_13' title="bbox 87 1197 1605 1265; baseline 0.003 -20"><span class='ocrx_word' id='word_1_89' title='bbox 87 1200 266 1247; x_wconf 85' lang='lat' dir='ltr'>Teum</span> <span class='ocrx_word' id='word_1_90' title='bbox 291 1201 589 1265; x_wconf 83' lang='lat' dir='ltr'>Samumque</span> <span class='ocrx_word' id='word_1_91' title='bbox 622 1199 706 1248; x_wconf 89' lang='lat' dir='ltr'>cst.</span> <span class='ocrx_word' id='word_1_92' title='bbox 741 1198 845 1265; x_wconf 87' lang='lat' dir='ltr'>ipse</span> <span class='ocrx_word' id='word_1_93' title='bbox 873 1199 1013 1247; x_wconf 84' lang='lat' dir='ltr'>collis</span> <span class='ocrx_word' id='word_1_94' title='bbox 1046 1198 1113 1248; x_wconf 86' lang='lat' dir='ltr'>cst</span> <span class='ocrx_word' id='word_1_95' title='bbox 1148 1200 1201 1249; x_wconf 83' lang='lat' dir='ltr'>in</span> <span class='ocrx_word' id='word_1_96' title='bbox 1222 1197 1431 1249; x_wconf 87' lang='lat' dir='ltr'>modum</span> <span class='ocrx_word' id='word_1_97' title='bbox 1457 1208 1605 1251; x_wconf 76' lang='lat' dir='ltr'>metae</span> 
     </span>
     <span class='ocr_line' id='line_1_14' title="bbox 86 1276 1605 1342; baseline 0.003 -17"><span class='ocrx_word' id='word_1_98' title='bbox 86 1276 140 1326; x_wconf 87' lang='lat' dir='ltr'>in</span> <span class='ocrx_word' id='word_1_99' title='bbox 181 1285 392 1326; x_wconf 79' lang='lat' dir='ltr'>acutum</span> <span class='ocrx_word' id='word_1_100' title='bbox 428 1292 668 1328; x_wconf 87' lang='lat' dir='ltr'>cacumen</span> <span class='ocrx_word' id='word_1_101' title='bbox 703 1282 731 1327; x_wconf 78' lang='lat' dir='ltr'>a</span> <span class='ocrx_word' id='word_1_102' title='bbox 770 1276 928 1327; x_wconf 83' lang='lat' dir='ltr'>fundo</span> <span class='ocrx_word' id='word_1_103' title='bbox 963 1277 1081 1326; x_wconf 77' lang='lat' dir='ltr'>satis</span> <span class='ocrx_word' id='word_1_104' title='bbox 1119 1276 1223 1326; x_wconf 84' lang='lat' dir='ltr'>lato</span> <span class='ocrx_word' id='word_1_105' title='bbox 1247 1276 1529 1342; x_wconf 81' lang='lat' dir='ltr'>fastigatus:</span> <span class='ocrx_word' id='word_1_106' title='bbox 1571 1283 1605 1329; x_wconf 65' lang='lat' dir='ltr'>a</span> 
     </span>
     <span class='ocr_line' id='line_1_15' title="bbox 89 1342 1607 1411; baseline 0.002 -8"><span class='ocrx_word' id='word_1_107' title='bbox 89 1351 378 1403; x_wconf 84' lang='lat' dir='ltr'>continenti</span> <span class='ocrx_word' id='word_1_108' title='bbox 417 1366 536 1407; x_wconf 79' lang='lat' dir='ltr'>artae</span> <span class='ocrx_word' id='word_1_109' title='bbox 573 1357 760 1405; x_wconf 80' lang='lat' dir='ltr'>semitae</span> <span class='ocrx_word' id='word_1_110' title='bbox 793 1342 984 1405; x_wconf 78' lang='lat' dir='ltr'>aditum</span> <span class='ocrx_word' id='word_1_111' title='bbox 1016 1355 1195 1409; x_wconf 85' lang='lat' dir='ltr'>habet:</span> <span class='ocrx_word' id='word_1_112' title='bbox 1230 1359 1260 1411; x_wconf 69' lang='grc' dir='ltr'>ὲ</span> <span class='ocrx_word' id='word_1_113' title='bbox 1297 1355 1423 1405; x_wconf 86' lang='lat' dir='ltr'>mari</span> <span class='ocrx_word' id='word_1_114' title='bbox 1448 1352 1607 1406; x_wconf 67' lang='lat' dir='ltr'>exesa</span> 
     </span>
    </p>
   </div>
   <div class='ocr_carea' id='block_1_3' title="bbox 88 1427 1659 1499">
    <p class='ocr_par' dir='ltr' id='par_1_3' title="bbox 88 1427 1659 1499">
     <span class='ocr_line' id='line_1_16' title="bbox 88 1427 1659 1499; baseline 0.002 -20"><span class='ocrx_word' id='word_1_115' title='bbox 88 1427 328 1480; x_wconf 66' lang='lat' dir='ltr'>fluctibus</span> <span class='ocrx_word' id='word_1_116' title='bbox 346 1446 490 1499; x_wconf 85' lang='lat' dir='ltr'>rupes</span> <span class='ocrx_word' id='word_1_117' title='bbox 513 1431 781 1493; x_wconf 80' lang='lat' dir='ltr'>claudunt3</span> <span class='ocrx_word' id='word_1_118' title='bbox 807 1432 877 1480; x_wconf 85' lang='lat' dir='ltr'>ita</span> <span class='ocrx_word' id='word_1_119' title='bbox 899 1442 956 1481; x_wconf 85' lang='lat' dir='ltr'>ut</span> <span class='ocrx_word' id='word_1_120' title='bbox 973 1429 1267 1497; x_wconf 79' lang='lat' dir='ltr'>quibusdam</span> <span class='ocrx_word' id='word_1_121' title='bbox 1293 1430 1415 1481; x_wconf 85' lang='lat' dir='ltr'>locis</span> <span class='ocrx_word' id='word_1_122' title='bbox 1438 1431 1605 1499; x_wconf 87' lang='lat' dir='ltr'>super·</span> <span class='ocrx_word' id='word_1_123' title='bbox 1652 1449 1659 1457; x_wconf 93' lang='lat'><strong>·</strong></span> 
     </span>
    </p>
   </div>
   <div class='ocr_carea' id='block_1_4' title="bbox 91 1506 1607 1655">
    <p class='ocr_par' dir='ltr' id='par_1_4' title="bbox 91 1506 1607 1655">
     <span class='ocr_line' id='line_1_17' title="bbox 91 1506 1607 1576; baseline 0 -19"><span class='ocrx_word' id='word_1_124' title='bbox 91 1506 371 1573; x_wconf 81' lang='lat' dir='ltr'>pendentia</span> <span class='ocrx_word' id='word_1_125' title='bbox 407 1507 525 1559; x_wconf 86' lang='lat' dir='ltr'>saxa</span> <span class='ocrx_word' id='word_1_126' title='bbox 560 1509 668 1576; x_wconf 85' lang='lat' dir='ltr'>plus</span> <span class='ocrx_word' id='word_1_127' title='bbox 699 1507 752 1557; x_wconf 93' lang='lat' dir='ltr'>in</span> <span class='ocrx_word' id='word_1_128' title='bbox 777 1508 950 1571; x_wconf 83' lang='lat' dir='ltr'>altum,</span> <span class='ocrx_word' id='word_1_129' title='bbox 983 1513 1152 1573; x_wconf 76' lang='lat' dir='ltr'>quam,</span> <span class='ocrx_word' id='word_1_130' title='bbox 1186 1521 1295 1573; x_wconf 80' lang='lat' dir='ltr'>quae</span> <span class='ocrx_word' id='word_1_131' title='bbox 1319 1508 1371 1557; x_wconf 89' lang='lat' dir='ltr'>in</span> <span class='ocrx_word' id='word_1_132' title='bbox 1398 1508 1607 1559; x_wconf 85' lang='lat' dir='ltr'>statione</span> 
     </span>
     <span class='ocr_line' id='line_1_18' title="bbox 91 1584 1607 1655; baseline 0.004 -22"><span class='ocrx_word' id='word_1_133' title='bbox 91 1584 230 1644; x_wconf 85' lang='lat' dir='ltr'>sunt,</span> <span class='ocrx_word' id='word_1_134' title='bbox 253 1600 408 1635; x_wconf 83' lang='lat' dir='ltr'>naves</span> <span class='ocrx_word' id='word_1_135' title='bbox 417 1624 430 1650; x_wconf 91' lang='lat'>,</span> <span class='ocrx_word' id='word_1_136' title='bbox 452 1587 782 1655; x_wconf 85' lang='lat' dir='ltr'>promineant.</span> <span class='ocrx_word' id='word_1_137' title='bbox 824 1586 968 1635; x_wconf 86' lang='lat' dir='ltr'>Circa</span> <span class='ocrx_word' id='word_1_138' title='bbox 997 1598 1056 1633; x_wconf 84' lang='lat' dir='ltr'>ea</span> <span class='ocrx_word' id='word_1_139' title='bbox 1078 1585 1479 1653; x_wconf 85' lang='lat' dir='ltr'>appropinquare</span> <span class='ocrx_word' id='word_1_140' title='bbox 1502 1600 1607 1639; x_wconf 79' lang='lat' dir='ltr'>non</span> 
     </span>
    </p>
   </div>
   <div class='ocr_carea' id='block_1_5' title="bbox 94 1662 1694 1731">
    <p class='ocr_par' dir='ltr' id='par_1_5' title="bbox 94 1662 1694 1731">
     <span class='ocr_line' id='line_1_19' title="bbox 94 1662 1694 1731; baseline 0.001 -20"><span class='ocrx_word' id='word_1_141' title='bbox 94 1662 232 1712; x_wconf 83' lang='lat' dir='ltr'>ausae</span> <span class='ocrx_word' id='word_1_142' title='bbox 259 1678 430 1726; x_wconf 81' lang='lat' dir='ltr'>naves,</span> <span class='ocrx_word' id='word_1_143' title='bbox 464 1680 526 1713; x_wconf 89' lang='lat' dir='ltr'>ne</span> <span class='ocrx_word' id='word_1_144' title='bbox 563 1662 652 1713; x_wconf 90' lang='lat' dir='ltr'>sub</span> <span class='ocrx_word' id='word_1_145' title='bbox 675 1662 774 1713; x_wconf 69' lang='lat' dir='ltr'>istu</span> <span class='ocrx_word' id='word_1_146' title='bbox 796 1662 1169 1729; x_wconf 82' lang='lat' dir='ltr'>superstantium</span> <span class='ocrx_word' id='word_1_147' title='bbox 1192 1662 1397 1731; x_wconf 82' lang='lat' dir='ltr'>rupibus</span> <span class='ocrx_word' id='word_1_148' title='bbox 1420 1663 1607 1730; x_wconf 80' lang='lat' dir='ltr'>pirata·</span> <span class='ocrx_word' id='word_1_149' title='bbox 1679 1662 1694 1669; x_wconf 85' lang='grc'><strong><em>’</em></strong></span> 
     </span>
    </p>
   </div>
   <div class='ocr_carea' id='block_1_6' title="bbox 91 1739 1629 3186">
    <p class='ocr_par' dir='ltr' id='par_1_6' title="bbox 93 1739 1613 2042">
     <span class='ocr_line' id='line_1_20' title="bbox 93 1739 1605 1806; baseline 0 -15"><span class='ocrx_word' id='word_1_150' title='bbox 93 1756 214 1791; x_wconf 88' lang='lat' dir='ltr'>rum</span> <span class='ocrx_word' id='word_1_151' title='bbox 246 1739 413 1806; x_wconf 82' lang='lat' dir='ltr'>effent,</span> <span class='ocrx_word' id='word_1_152' title='bbox 447 1741 578 1793; x_wconf 87' lang='lat' dir='ltr'>diem</span> <span class='ocrx_word' id='word_1_153' title='bbox 613 1743 816 1791; x_wconf 85' lang='lat' dir='ltr'>trivere.</span> <span class='ocrx_word' id='word_1_154' title='bbox 852 1740 1067 1803; x_wconf 85' lang='lat' dir='ltr'>tandem,</span> <span class='ocrx_word' id='word_1_155' title='bbox 1104 1740 1193 1790; x_wconf 88' lang='lat' dir='ltr'>sub</span> <span class='ocrx_word' id='word_1_156' title='bbox 1229 1739 1425 1791; x_wconf 63' lang='lat' dir='ltr'>noctem</span> <span class='ocrx_word' id='word_1_157' title='bbox 1465 1755 1605 1791; x_wconf 86' lang='lat' dir='ltr'>vano</span> 
     </span>
     <span class='ocr_line' id='line_1_21' title="bbox 97 1816 1610 1888; baseline -0.001 -19"><span class='ocrx_word' id='word_1_158' title='bbox 97 1821 310 1888; x_wconf 88' lang='lat' dir='ltr'>incepto</span> <span class='ocrx_word' id='word_1_159' title='bbox 333 1834 486 1888; x_wconf 89' lang='lat' dir='ltr'>quum</span> <span class='ocrx_word' id='word_1_160' title='bbox 516 1818 824 1883; x_wconf 80' lang='lat' dir='ltr'>abstitissent,</span> <span class='ocrx_word' id='word_1_161' title='bbox 861 1821 1028 1869; x_wconf 88' lang='lat' dir='ltr'>Teum</span> <span class='ocrx_word' id='word_1_162' title='bbox 1062 1816 1259 1884; x_wconf 82' lang='lat' dir='ltr'>postero</span> <span class='ocrx_word' id='word_1_163' title='bbox 1290 1816 1371 1868; x_wconf 85' lang='lat' dir='ltr'>die</span> <span class='ocrx_word' id='word_1_164' title='bbox 1393 1818 1610 1868; x_wconf 82' lang='lat' dir='ltr'>acccffe-</span> 
     </span>
     <span class='ocr_line' id='line_1_22' title="bbox 102 1894 1607 1966; baseline -0.001 -19"><span class='ocrx_word' id='word_1_165' title='bbox 102 1914 154 1947; x_wconf 86' lang='lat' dir='ltr'>re</span> <span class='ocrx_word' id='word_1_166' title='bbox 175 1915 190 1946; x_wconf 73' lang='grc' dir='ltr'><strong><em>ι</em></strong></span> <span class='ocrx_word' id='word_1_167' title='bbox 230 1897 299 1961; x_wconf 67' lang='grc' dir='ltr'>ἃ,</span> <span class='ocrx_word' id='word_1_168' title='bbox 335 1900 386 1948; x_wconf 89' lang='lat' dir='ltr'>in</span> <span class='ocrx_word' id='word_1_169' title='bbox 410 1909 574 1966; x_wconf 86' lang='lat' dir='ltr'>portu,</span> <span class='ocrx_word' id='word_1_170' title='bbox 608 1900 696 1965; x_wconf 87' lang='lat' dir='ltr'>qui</span> <span class='ocrx_word' id='word_1_171' title='bbox 727 1897 789 1947; x_wconf 90' lang='lat' dir='ltr'>ab</span> <span class='ocrx_word' id='word_1_172' title='bbox 815 1907 956 1961; x_wconf 87' lang='lat' dir='ltr'>tergo</span> <span class='ocrx_word' id='word_1_173' title='bbox 977 1895 1115 1945; x_wconf 81' lang='lat' dir='ltr'>urbis</span> <span class='ocrx_word' id='word_1_174' title='bbox 1144 1894 1227 1959; x_wconf 88' lang='lat' dir='ltr'>est,</span> <span class='ocrx_word' id='word_1_175' title='bbox 1262 1895 1607 1959; x_wconf 77' lang='lat' dir='ltr'>(Gcraesticum</span> 
     </span>
     <span class='ocr_line' id='line_1_23' title="bbox 100 1971 1613 2042; baseline 0 -19"><span class='ocrx_word' id='word_1_176' title='bbox 100 1973 191 2041; x_wconf 76' lang='lat' dir='ltr'>ipsi</span> <span class='ocrx_word' id='word_1_177' title='bbox 217 1972 494 2042; x_wconf 81' lang='lat' dir='ltr'>appellant)</span> <span class='ocrx_word' id='word_1_178' title='bbox 525 1975 736 2026; x_wconf 84' lang='lat' dir='ltr'>navibus</span> <span class='ocrx_word' id='word_1_179' title='bbox 761 1973 1053 2034; x_wconf 81' lang='lat' dir='ltr'>constitutis,</span> <span class='ocrx_word' id='word_1_180' title='bbox 1086 1981 1271 2039; x_wconf 81' lang='lat' dir='ltr'>praetor</span> <span class='ocrx_word' id='word_1_181' title='bbox 1292 1971 1354 2021; x_wconf 86' lang='lat' dir='ltr'>ad</span> <span class='ocrx_word' id='word_1_182' title='bbox 1377 1971 1613 2040; x_wconf 77' lang='lat' dir='ltr'>depopu-</span> 
     </span>
    </p>

    <p class='ocr_par' dir='ltr' id='par_1_7' title="bbox 91 2050 1629 3186">
     <span class='ocr_line' id='line_1_24' title="bbox 99 2050 1281 2119; baseline -0.004 -15"><span class='ocrx_word' id='word_1_183' title='bbox 99 2052 314 2104; x_wconf 82' lang='lat' dir='ltr'>landum</span> <span class='ocrx_word' id='word_1_184' title='bbox 341 2053 678 2106; x_wconf 75' lang='lat' dir='ltr'>circam-bem</span> <span class='ocrx_word' id='word_1_185' title='bbox 701 2069 874 2119; x_wconf 86' lang='lat' dir='ltr'>agrurn</span> <span class='ocrx_word' id='word_1_186' title='bbox 899 2051 1081 2114; x_wconf 77' lang='lat' dir='ltr'>milites</span> <span class='ocrx_word' id='word_1_187' title='bbox 1104 2050 1281 2101; x_wconf 83' lang='lat' dir='ltr'>cmifit.</span> 
     </span>
     <span class='ocr_line' id='line_1_25' title="bbox 169 2125 1607 2196; baseline -0.003 -14"><span class='ocrx_word' id='word_1_188' title='bbox 169 2131 610 2195; x_wconf 77' lang='lat' dir='ltr'>xxv111.-Teji‚</span> <span class='ocrx_word' id='word_1_189' title='bbox 643 2146 798 2196; x_wconf 89' lang='lat' dir='ltr'>quum</span> <span class='ocrx_word' id='word_1_190' title='bbox 819 2130 874 2181; x_wconf 86' lang='lat' dir='ltr'>in</span> <span class='ocrx_word' id='word_1_191' title='bbox 897 2126 1054 2181; x_wconf 84' lang='lat' dir='ltr'>oculis</span> <span class='ocrx_word' id='word_1_192' title='bbox 1084 2126 1345 2194; x_wconf 86' lang='lat' dir='ltr'>populatio</span> <span class='ocrx_word' id='word_1_193' title='bbox 1380 2125 1513 2191; x_wconf 80' lang='lat' dir='ltr'>effct,</span> <span class='ocrx_word' id='word_1_194' title='bbox 1546 2139 1607 2178; x_wconf 88' lang='lat' dir='ltr'>o·</span> 
     </span>
     <span class='ocr_line' id='line_1_26' title="bbox 101 2191 1621 2260; baseline -0.005 0"><span class='ocrx_word' id='word_1_195' title='bbox 101 2219 300 2260; x_wconf 84' lang='lat' dir='ltr'>ratores</span> <span class='ocrx_word' id='word_1_196' title='bbox 324 2222 439 2258; x_wconf 89' lang='lat' dir='ltr'>cum</span> <span class='ocrx_word' id='word_1_197' title='bbox 461 2206 630 2259; x_wconf 80' lang='lat' dir='ltr'>infulis</span> <span class='ocrx_word' id='word_1_198' title='bbox 652 2207 702 2257; x_wconf 64' lang='grc' dir='ltr'><em>ἃ</em></span> <span class='ocrx_word' id='word_1_199' title='bbox 737 2204 1033 2254; x_wconf 81' lang='lat' dir='ltr'>velamentis</span> <span class='ocrx_word' id='word_1_200' title='bbox 1054 2202 1119 2254; x_wconf 86' lang='lat' dir='ltr'>ad</span> <span class='ocrx_word' id='word_1_201' title='bbox 1144 2191 1435 2260; x_wconf 68' lang='lat' dir='ltr'>Romanum</span> <span class='ocrx_word' id='word_1_202' title='bbox 1456 2200 1621 2254; x_wconf 75' lang='lat' dir='ltr'>mise-</span> 
     </span>
     <span class='ocr_line' id='line_1_27' title="bbox 101 2279 1610 2353; baseline -0.005 -15"><span class='ocrx_word' id='word_1_203' title='bbox 101 2297 248 2340; x_wconf 87' lang='lat' dir='ltr'>runt.</span> <span class='ocrx_word' id='word_1_204' title='bbox 283 2285 464 2353; x_wconf 86' lang='lat' dir='ltr'>quibus</span> <span class='ocrx_word' id='word_1_205' title='bbox 499 2284 822 2352; x_wconf 79' lang='lat' dir='ltr'>purgantibus</span> <span class='ocrx_word' id='word_1_206' title='bbox 855 2283 1115 2333; x_wconf 84' lang='lat' dir='ltr'>civitatem</span> <span class='ocrx_word' id='word_1_207' title='bbox 1150 2282 1311 2330; x_wconf 87' lang='lat' dir='ltr'>omnis</span> <span class='ocrx_word' id='word_1_208' title='bbox 1333 2280 1449 2331; x_wconf 73' lang='lat' dir='ltr'>faffl</span> <span class='ocrx_word' id='word_1_209' title='bbox 1472 2279 1610 2332; x_wconf 73' lang='lat' dir='ltr'>diffl-</span> 
     </span>
     <span class='ocr_line' id='line_1_28' title="bbox 107 2357 1622 2432; baseline -0.004 -16"><span class='ocrx_word' id='word_1_210' title='bbox 107 2363 220 2432; x_wconf 65' lang='lat' dir='ltr'>qui</span> <span class='ocrx_word' id='word_1_211' title='bbox 246 2365 432 2415; x_wconf 81' lang='lat' dir='ltr'>hostilis</span> <span class='ocrx_word' id='word_1_212' title='bbox 463 2363 698 2416; x_wconf 82' lang='lat' dir='ltr'>adversus</span> <span class='ocrx_word' id='word_1_213' title='bbox 720 2366 990 2425; x_wconf 66' lang='lat' dir='ltr'>Romanoa,</span> <span class='ocrx_word' id='word_1_214' title='bbox 1025 2362 1080 2412; x_wconf 61' lang='grc' dir='ltr'><em>ὰ</em></span> <span class='ocrx_word' id='word_1_215' title='bbox 1106 2357 1270 2426; x_wconf 63' lang='lat' dir='ltr'>juvffl&#39;e</span> <span class='ocrx_word' id='word_1_216' title='bbox 1292 2364 1361 2410; x_wconf 85' lang='lat' dir='ltr'>eos&#39;</span> <span class='ocrx_word' id='word_1_217' title='bbox 1379 2367 1622 2412; x_wconf 75' lang='lat' dir='ltr'>commeatu</span> 
     </span>
     <span class='ocr_line' id='line_1_29' title="bbox 104 2436 1617 2512; baseline -0.005 -20"><span class='ocrx_word' id='word_1_218' title='bbox 104 2442 281 2512; x_wconf 78' lang='lat' dir='ltr'>clafflm</span> <span class='ocrx_word' id='word_1_219' title='bbox 304 2441 482 2508; x_wconf 79' lang='lat' dir='ltr'>hostium</span> <span class='ocrx_word' id='word_1_220' title='bbox 515 2442 696 2506; x_wconf 87' lang='lat' dir='ltr'>arguit,</span> <span class='ocrx_word' id='word_1_221' title='bbox 729 2439 785 2490; x_wconf 73' lang='grc' dir='ltr'>ό·</span> <span class='ocrx_word' id='word_1_222' title='bbox 813 2446 1017 2505; x_wconf 76' lang='lat' dir='ltr'>quantum</span> <span class='ocrx_word' id='word_1_223' title='bbox 1041 2437 1139 2486; x_wconf 79' lang='lat' dir='ltr'>vini</span> <span class='ocrx_word' id='word_1_224' title='bbox 1162 2436 1425 2501; x_wconf 56' lang='lat' dir='ltr'>Polyxenida</span> <span class='ocrx_word' id='word_1_225' title='bbox 1438 2436 1617 2503; x_wconf 77' lang='lat' dir='ltr'>promi-</span> 
     </span>
     <span class='ocr_line' id='line_1_30' title="bbox 91 2513 1617 2589; baseline -0.007 -17"><span class='ocrx_word' id='word_1_226' title='bbox 91 2521 246 2589; x_wconf 79' lang='lat' dir='ltr'>fifflnt</span> <span class='ocrx_word' id='word_1_227' title='bbox 263 2538 283 2570; x_wconf 90' lang='lat'>.·</span> <span class='ocrx_word' id='word_1_228' title='bbox 315 2535 402 2586; x_wconf 70' lang='lat' dir='ltr'>qua</span> <span class='ocrx_word' id='word_1_229' title='bbox 421 2517 466 2584; x_wconf 81' lang='lat' dir='ltr'><em>fi</em></span> <span class='ocrx_word' id='word_1_230' title='bbox 497 2519 645 2568; x_wconf 80' lang='lat' dir='ltr'>eadem</span> <span class='ocrx_word' id='word_1_231' title='bbox 677 2516 793 2582; x_wconf 76' lang='lat' dir='ltr'>claffl</span> <span class='ocrx_word' id='word_1_232' title='bbox 813 2519 1012 2566; x_wconf 67' lang='lat' dir='ltr'>Romana</span> <span class='ocrx_word' id='word_1_233' title='bbox 1038 2515 1209 2577; x_wconf 81' lang='lat' dir='ltr'>darent,</span> <span class='ocrx_word' id='word_1_234' title='bbox 1244 2523 1549 2564; x_wconf 74' lang='lat' dir='ltr'>revocaturum</span> <span class='ocrx_word' id='word_1_235' title='bbox 1560 2513 1617 2580; x_wconf 75' lang='lat' dir='ltr'>fi·</span> 
     </span>
     <span class='ocr_line' id='line_1_31' title="bbox 105 2591 1615 2666; baseline -0.003 -18"><span class='ocrx_word' id='word_1_236' title='bbox 105 2603 139 2648; x_wconf 79' lang='grc' dir='ltr'><em>ᾰ</em></span> <span class='ocrx_word' id='word_1_237' title='bbox 149 2597 437 2666; x_wconf 80' lang='lat' dir='ltr'>populatione</span> <span class='ocrx_word' id='word_1_238' title='bbox 453 2597 637 2648; x_wconf 76' lang='lat' dir='ltr'>militem</span> <span class='ocrx_word' id='word_1_239' title='bbox 657 2615 672 2659; x_wconf 67' lang='grc' dir='ltr'>ς</span> <span class='ocrx_word' id='word_1_240' title='bbox 694 2593 768 2660; x_wconf 77' lang='lat' dir='ltr'>fin</span> <span class='ocrx_word' id='word_1_241' title='bbox 787 2595 944 2656; x_wconf 52' lang='lat' dir='ltr'>minas,</span> <span class='ocrx_word' id='word_1_242' title='bbox 970 2604 1057 2662; x_wconf 86' lang='lat' dir='ltr'>pro</span> <span class='ocrx_word' id='word_1_243' title='bbox 1073 2591 1253 2656; x_wconf 77' lang='lat' dir='ltr'>hostibus</span> <span class='ocrx_word' id='word_1_244' title='bbox 1268 2608 1335 2643; x_wconf 83' lang='lat' dir='ltr'>eos</span> <span class='ocrx_word' id='word_1_245' title='bbox 1352 2592 1615 2651; x_wconf 64' lang='lat' dir='ltr'>habitantem.</span> 
     </span>
     <span class='ocr_line' id='line_1_32' title="bbox 106 2667 1621 2740; baseline -0.005 -13"><span class='ocrx_word' id='word_1_246' title='bbox 106 2678 230 2727; x_wconf 86' lang='lat' dir='ltr'>Hoc</span> <span class='ocrx_word' id='word_1_247' title='bbox 254 2685 360 2725; x_wconf 86' lang='lat' dir='ltr'>tam</span> <span class='ocrx_word' id='word_1_248' title='bbox 384 2673 514 2725; x_wconf 78' lang='lat' dir='ltr'>triste</span> <span class='ocrx_word' id='word_1_249' title='bbox 538 2671 824 2740; x_wconf 87' lang='lat' dir='ltr'>responsum</span> <span class='ocrx_word' id='word_1_250' title='bbox 847 2685 1002 2738; x_wconf 90' lang='lat' dir='ltr'>quum</span> <span class='ocrx_word' id='word_1_251' title='bbox 1026 2667 1297 2719; x_wconf 83' lang='lat' dir='ltr'>retuliffcnt</span> <span class='ocrx_word' id='word_1_252' title='bbox 1316 2669 1489 2734; x_wconf 83' lang='lat' dir='ltr'>legati,</span> <span class='ocrx_word' id='word_1_253' title='bbox 1521 2684 1621 2720; x_wconf 76' lang='lat' dir='ltr'>vo·</span> 
     </span>
     <span class='ocr_line' id='line_1_33' title="bbox 108 2745 1623 2815; baseline -0.005 -9"><span class='ocrx_word' id='word_1_254' title='bbox 108 2765 261 2806; x_wconf 76' lang='lat' dir='ltr'>catur</span> <span class='ocrx_word' id='word_1_255' title='bbox 295 2753 352 2804; x_wconf 89' lang='lat' dir='ltr'>in</span> <span class='ocrx_word' id='word_1_256' title='bbox 373 2754 668 2804; x_wconf 89' lang='lat' dir='ltr'>concionem</span> <span class='ocrx_word' id='word_1_257' title='bbox 689 2755 720 2800; x_wconf 75' lang='lat' dir='ltr'>a</span> <span class='ocrx_word' id='word_1_258' title='bbox 741 2747 1105 2814; x_wconf 80' lang='lat' dir='ltr'>magistratibus</span> <span class='ocrx_word' id='word_1_259' title='bbox 1129 2747 1356 2815; x_wconf 79' lang='lat' dir='ltr'>populus,</span> <span class='ocrx_word' id='word_1_260' title='bbox 1391 2757 1465 2809; x_wconf 88' lang='lat' dir='ltr'>ut,</span> <span class='ocrx_word' id='word_1_261' title='bbox 1498 2745 1623 2813; x_wconf 80' lang='lat' dir='ltr'>quid</span> 
     </span>
     <span class='ocr_line' id='line_1_34' title="bbox 109 2824 1623 2897; baseline -0.007 -15"><span class='ocrx_word' id='word_1_262' title='bbox 109 2839 341 2897; x_wconf 87' lang='lat' dir='ltr'>agerent,</span> <span class='ocrx_word' id='word_1_263' title='bbox 377 2829 728 2880; x_wconf 87' lang='lat' dir='ltr'>consultarent.</span> <span class='ocrx_word' id='word_1_264' title='bbox 796 2829 872 2876; x_wconf 88' lang='grc' dir='ltr'>Εὸ</span> <span class='ocrx_word' id='word_1_265' title='bbox 894 2825 1024 2876; x_wconf 75' lang='lat' dir='ltr'>forte</span> <span class='ocrx_word' id='word_1_266' title='bbox 1048 2824 1387 2890; x_wconf 73' lang='lat' dir='ltr'>Polyxenidas</span> <span class='ocrx_word' id='word_1_267' title='bbox 1407 2839 1523 2874; x_wconf 87' lang='lat' dir='ltr'>cum</span> <span class='ocrx_word' id='word_1_268' title='bbox 1542 2838 1623 2872; x_wconf 90' lang='lat' dir='ltr'>re-</span> 
     </span>
     <span class='ocr_line' id='line_1_35' title="bbox 113 2897 1625 2974; baseline -0.006 -15"><span class='ocrx_word' id='word_1_269' title='bbox 113 2912 202 2974; x_wconf 85' lang='lat' dir='ltr'>gia</span> <span class='ocrx_word' id='word_1_270' title='bbox 227 2905 372 2958; x_wconf 84' lang='lat' dir='ltr'>claffe</span> <span class='ocrx_word' id='word_1_271' title='bbox 395 2912 426 2956; x_wconf 72' lang='lat' dir='ltr'>a</span> <span class='ocrx_word' id='word_1_272' title='bbox 459 2905 756 2973; x_wconf 86' lang='lat' dir='ltr'>Colophone</span> <span class='ocrx_word' id='word_1_273' title='bbox 780 2899 1044 2970; x_wconf 63' lang='lat' dir='ltr'>profectus,</span> <span class='ocrx_word' id='word_1_274' title='bbox 1080 2901 1337 2968; x_wconf 84' lang='lat' dir='ltr'>postquam</span> <span class='ocrx_word' id='word_1_275' title='bbox 1359 2897 1567 2952; x_wconf 82' lang='lat' dir='ltr'>moviffe</span> <span class='ocrx_word' id='word_1_276' title='bbox 1592 2903 1625 2950; x_wconf 65' lang='grc' dir='ltr'>ὲ</span> 
     </span>
     <span class='ocr_line' id='line_1_36' title="bbox 115 2977 1625 3046; baseline -0.008 -9"><span class='ocrx_word' id='word_1_277' title='bbox 115 2993 270 3038; x_wconf 86' lang='lat' dir='ltr'>Samo</span> <span class='ocrx_word' id='word_1_278' title='bbox 309 2986 564 3034; x_wconf 83' lang='lat' dir='ltr'>Romanos</span> <span class='ocrx_word' id='word_1_279' title='bbox 603 2982 815 3046; x_wconf 76' lang='lat' dir='ltr'>audivit,</span> <span class='ocrx_word' id='word_1_280' title='bbox 851 2981 920 3044; x_wconf 70' lang='grc' dir='ltr'>ἃ,</span> <span class='ocrx_word' id='word_1_281' title='bbox 953 2977 1017 3028; x_wconf 82' lang='lat' dir='ltr'>ad</span> <span class='ocrx_word' id='word_1_282' title='bbox 1057 2978 1399 3044; x_wconf 81' lang='lat' dir='ltr'>Myonnesum</span> <span class='ocrx_word' id='word_1_283' title='bbox 1438 2978 1625 3043; x_wconf 68' lang='lat' dir='ltr'>piratas</span> 
     </span>
     <span class='ocr_line' id='line_1_37' title="bbox 117 3056 1629 3181; baseline -0.01 -62"><span class='ocrx_word' id='word_1_284' title='bbox 117 3065 426 3135; x_wconf 69' lang='lat' dir='ltr'>persecutoe,</span> <span class='ocrx_word' id='word_1_285' title='bbox 460 3061 710 3134; x_wconf 69' lang='lat' dir='ltr'>Teiorum</span> <span class='ocrx_word' id='word_1_286' title='bbox 732 3075 908 3134; x_wconf 78' lang='lat' dir='ltr'>agrum</span> <span class='ocrx_word' id='word_1_287' title='bbox 929 3057 1243 3128; x_wconf 78' lang='lat' dir='ltr'>depopulari,</span> <span class='ocrx_word' id='word_1_288' title='bbox 1277 3071 1431 3114; x_wconf 77' lang='lat' dir='ltr'>naves</span> <span class='ocrx_word' id='word_1_289' title='bbox 1446 3056 1499 3106; x_wconf 85' lang='lat' dir='ltr'>in</span> <span class='ocrx_word' id='word_1_290' title='bbox 1518 3056 1629 3181; x_wconf 48' lang='lat' dir='ltr'>(Ee-</span> 
     </span>
     <span class='ocr_line' id='line_1_38' title="bbox 1474 3145 1621 3186; baseline -0.034 -1"><span class='ocrx_word' id='word_1_291' title='bbox 1474 3145 1539 3186; x_wconf 78' lang='lat' dir='ltr'>1ae</span> <span class='ocrx_word' id='word_1_292' title='bbox 1578 3146 1621 3181; x_wconf 78' lang='lat' dir='ltr'>t-</span> 
     </span>
    </p>
   </div>
  </div>
 </body>
</html>
