<?xml version="1.0" encoding="UTF-8"?>
<!DOCTYPE html PUBLIC "-//W3C//DTD XHTML 1.0 Transitional//EN"
    "http://www.w3.org/TR/xhtml1/DTD/xhtml1-transitional.dtd">
<html xmlns="http://www.w3.org/1999/xhtml" xml:lang="en" lang="en">
 <head>
  <title>
</title>
<meta http-equiv="Content-Type" content="text/html;charset=utf-8" />
  <meta name='ocr-system' content='tesseract 3.04.00' />
  <meta name='ocr-capabilities' content='ocr_page ocr_carea ocr_par ocr_line ocrx_word'/>
</head>
<body>
  <div class='ocr_page' id='page_1' title='image "./titiliviipatavi02ruddgoog_0490.png"; bbox 0 0 2000 3700; ppageno 0'>
   <div class='ocr_carea' id='block_1_1' title="bbox 343 234 1861 395">
    <p class='ocr_par' dir='ltr' id='par_1_1' title="bbox 343 234 1861 395">
     <span class='ocr_line' id='line_1_1' title="bbox 343 234 1315 301; baseline -0.001 -14"><span class='ocrx_word' id='word_1_1' title='bbox 343 238 446 301; x_wconf 52' lang='lat' dir='ltr'>qno</span> <span class='ocrx_word' id='word_1_2' title='bbox 819 242 826 249; x_wconf 84' lang='grc'><em>’</em></span> <span class='ocrx_word' id='word_1_3' title='bbox 865 234 934 287; x_wconf 82' lang='grc' dir='ltr'>Τ.</span> <span class='ocrx_word' id='word_1_4' title='bbox 1000 236 1045 287; x_wconf 79' lang='lat' dir='ltr'>L</span> <span class='ocrx_word' id='word_1_5' title='bbox 1079 236 1107 286; x_wconf 95' lang='lat'>1</span> <span class='ocrx_word' id='word_1_6' title='bbox 1144 238 1195 287; x_wconf 83' lang='lat' dir='ltr'>V</span> <span class='ocrx_word' id='word_1_7' title='bbox 1226 234 1255 285; x_wconf 83' lang='lat'>1</span> <span class='ocrx_word' id='word_1_8' title='bbox 1286 234 1315 286; x_wconf 90' lang='lat'>1</span> 
     </span>
     <span class='ocr_line' id='line_1_2' title="bbox 343 324 1861 395; baseline -0.001 -17"><span class='ocrx_word' id='word_1_9' title='bbox 343 340 444 395; x_wconf 77' lang='lat' dir='ltr'>qua</span> <span class='ocrx_word' id='word_1_10' title='bbox 467 337 803 391; x_wconf 79' lang='lat' dir='ltr'>concurrerat,</span> <span class='ocrx_word' id='word_1_11' title='bbox 828 328 1135 378; x_wconf 82' lang='lat' dir='ltr'>obruebatur</span> <span class='ocrx_word' id='word_1_12' title='bbox 1152 326 1319 377; x_wconf 82' lang='lat' dir='ltr'>infuso</span> <span class='ocrx_word' id='word_1_13' title='bbox 1340 325 1354 377; x_wconf 87' lang='lat' dir='ltr'>i</span> <span class='ocrx_word' id='word_1_14' title='bbox 1360 325 1477 391; x_wconf 79' lang='lat' dir='ltr'>gni3</span> <span class='ocrx_word' id='word_1_15' title='bbox 1510 324 1771 393; x_wconf 75' lang='lat' dir='ltr'>magisque</span> <span class='ocrx_word' id='word_1_16' title='bbox 1792 326 1861 377; x_wconf 83' lang='lat' dir='ltr'>ad</span> 
     </span>
    </p>
   </div>
   <div class='ocr_carea' id='block_1_2' title="bbox 245 404 1863 475">
    <p class='ocr_par' dir='ltr' id='par_1_2' title="bbox 245 404 1863 475">
     <span class='ocr_line' id='line_1_3' title="bbox 245 404 1863 475; baseline -0.002 -16"><span class='ocrx_word' id='word_1_17' title='bbox 245 444 270 459; x_wconf 83' lang='grc'><strong>.</strong></span> <span class='ocrx_word' id='word_1_18' title='bbox 345 405 654 469; x_wconf 73' lang='lat' dir='ltr'>incendium,</span> <span class='ocrx_word' id='word_1_19' title='bbox 679 412 828 471; x_wconf 75' lang='lat' dir='ltr'>quam</span> <span class='ocrx_word' id='word_1_20' title='bbox 843 406 906 457; x_wconf 86' lang='lat' dir='ltr'>ad</span> <span class='ocrx_word' id='word_1_21' title='bbox 925 407 1171 475; x_wconf 83' lang='lat' dir='ltr'>proelium,</span> <span class='ocrx_word' id='word_1_22' title='bbox 1204 404 1532 473; x_wconf 79' lang='lat' dir='ltr'>trepidabant.</span> <span class='ocrx_word' id='word_1_23' title='bbox 1569 405 1863 455; x_wconf 83' lang='lat' dir='ltr'><strong>Plurimum</strong></span> 
     </span>
    </p>
   </div>
   <div class='ocr_carea' id='block_1_3' title="bbox 339 482 1863 2102">
    <p class='ocr_par' dir='ltr' id='par_1_3' title="bbox 339 482 1863 2102">
     <span class='ocr_line' id='line_1_4' title="bbox 347 482 1861 550; baseline 0 -17"><span class='ocrx_word' id='word_1_24' title='bbox 347 493 531 548; x_wconf 72' lang='lat' dir='ltr'>tamen,</span> <span class='ocrx_word' id='word_1_25' title='bbox 563 498 672 550; x_wconf 66' lang='lat' dir='ltr'>quc</span> <span class='ocrx_word' id='word_1_26' title='bbox 695 483 848 549; x_wconf 62' lang='lat' dir='ltr'>solet²</span> <span class='ocrx_word' id='word_1_27' title='bbox 875 485 1093 535; x_wconf 86' lang='lat' dir='ltr'>militum</span> <span class='ocrx_word' id='word_1_28' title='bbox 1116 484 1275 533; x_wconf 81' lang='lat' dir='ltr'>virtus</span> <span class='ocrx_word' id='word_1_29' title='bbox 1298 485 1351 532; x_wconf 87' lang='lat' dir='ltr'>in</span> <span class='ocrx_word' id='word_1_30' title='bbox 1372 483 1503 533; x_wconf 85' lang='lat' dir='ltr'>bello</span> <span class='ocrx_word' id='word_1_31' title='bbox 1526 482 1707 533; x_wconf 85' lang='lat' dir='ltr'>valuit.</span> <span class='ocrx_word' id='word_1_32' title='bbox 1746 498 1861 533; x_wconf 88' lang='lat' dir='ltr'>me-</span> 
     </span>
     <span class='ocr_line' id='line_1_5' title="bbox 347 558 1859 627; baseline -0.001 -16"><span class='ocrx_word' id='word_1_33' title='bbox 347 558 486 611; x_wconf 82' lang='lat' dir='ltr'>diam</span> <span class='ocrx_word' id='word_1_34' title='bbox 507 576 719 626; x_wconf 85' lang='lat' dir='ltr'>namque</span> <span class='ocrx_word' id='word_1_35' title='bbox 745 562 906 611; x_wconf 80' lang='lat' dir='ltr'>aciem</span> <span class='ocrx_word' id='word_1_36' title='bbox 937 561 1150 613; x_wconf 86' lang='lat' dir='ltr'>hostium</span> <span class='ocrx_word' id='word_1_37' title='bbox 1180 560 1399 609; x_wconf 81' lang='lat' dir='ltr'>Romani</span> <span class='ocrx_word' id='word_1_38' title='bbox 1421 574 1573 625; x_wconf 89' lang='lat' dir='ltr'>quum</span> <span class='ocrx_word' id='word_1_39' title='bbox 1590 560 1859 627; x_wconf 71' lang='lat' dir='ltr'>rupiflent,</span> 
     </span>
     <span class='ocr_line' id='line_1_6' title="bbox 345 637 1857 707; baseline -0.001 -18"><span class='ocrx_word' id='word_1_40' title='bbox 345 638 670 689; x_wconf 71' lang='lat' dir='ltr'>circumvesti</span> <span class='ocrx_word' id='word_1_41' title='bbox 701 640 766 691; x_wconf 81' lang='lat' dir='ltr'>ab</span> <span class='ocrx_word' id='word_1_42' title='bbox 802 650 946 705; x_wconf 77' lang='lat' dir='ltr'>tergo</span> <span class='ocrx_word' id='word_1_43' title='bbox 979 640 1321 707; x_wconf 78' lang='lat' dir='ltr'>pugnantibus</span> <span class='ocrx_word' id='word_1_44' title='bbox 1354 637 1586 689; x_wconf 79' lang='lat' dir='ltr'>adversus</span> <span class='ocrx_word' id='word_1_45' title='bbox 1618 638 1857 689; x_wconf 81' lang='lat' dir='ltr'>Rhodios</span> 
     </span>
     <span class='ocr_line' id='line_1_7' title="bbox 345 713 1860 781; baseline 0.001 -16"><span class='ocrx_word' id='word_1_46' title='bbox 345 716 498 780; x_wconf 78' lang='lat' dir='ltr'>regiis</span> <span class='ocrx_word' id='word_1_47' title='bbox 523 713 624 765; x_wconf 86' lang='lat' dir='ltr'>sese</span> <span class='ocrx_word' id='word_1_48' title='bbox 651 716 908 780; x_wconf 82' lang='lat' dir='ltr'>objecere:</span> <span class='ocrx_word' id='word_1_49' title='bbox 943 724 1305 780; x_wconf 87' lang='lat' dir='ltr'>momentoque</span> <span class='ocrx_word' id='word_1_50' title='bbox 1340 716 1579 781; x_wconf 86' lang='lat' dir='ltr'>temporis</span> <span class='ocrx_word' id='word_1_51' title='bbox 1610 715 1661 765; x_wconf 71' lang='lat' dir='ltr'>St</span> <span class='ocrx_word' id='word_1_52' title='bbox 1680 716 1860 767; x_wconf 79' lang='lat' dir='ltr'>media</span> 
     </span>
     <span class='ocr_line' id='line_1_8' title="bbox 347 792 1861 853; baseline 0 -10"><span class='ocrx_word' id='word_1_53' title='bbox 347 792 479 843; x_wconf 82' lang='lat' dir='ltr'>acies</span> <span class='ocrx_word' id='word_1_54' title='bbox 499 792 753 853; x_wconf 74' lang='lat' dir='ltr'>Antiochi,</span> <span class='ocrx_word' id='word_1_55' title='bbox 787 793 840 843; x_wconf 75' lang='lat' dir='ltr'>Be</span> <span class='ocrx_word' id='word_1_56' title='bbox 861 794 994 843; x_wconf 84' lang='lat' dir='ltr'>laevo</span> <span class='ocrx_word' id='word_1_57' title='bbox 1034 794 1087 843; x_wconf 86' lang='lat' dir='ltr'>in</span> <span class='ocrx_word' id='word_1_58' title='bbox 1122 798 1293 842; x_wconf 77' lang='lat' dir='ltr'>cornu·</span> <span class='ocrx_word' id='word_1_59' title='bbox 1316 792 1671 843; x_wconf 64' lang='lat' dir='ltr'>circumventa</span> <span class='ocrx_word' id='word_1_60' title='bbox 1696 806 1861 843; x_wconf 78' lang='lat' dir='ltr'>naves</span> 
     </span>
     <span class='ocr_line' id='line_1_9' title="bbox 347 869 1861 939; baseline 0 -18"><span class='ocrx_word' id='word_1_61' title='bbox 347 870 719 936; x_wconf 83' lang='lat' dir='ltr'>mergebantur.</span> <span class='ocrx_word' id='word_1_62' title='bbox 789 874 1013 921; x_wconf 78' lang='lat' dir='ltr'>Dextera</span> <span class='ocrx_word' id='word_1_63' title='bbox 1042 885 1155 939; x_wconf 81' lang='lat' dir='ltr'>pars</span> <span class='ocrx_word' id='word_1_64' title='bbox 1178 872 1389 934; x_wconf 84' lang='lat' dir='ltr'>integra,</span> <span class='ocrx_word' id='word_1_65' title='bbox 1424 869 1677 921; x_wconf 80' lang='lat' dir='ltr'>sociorum</span> <span class='ocrx_word' id='word_1_66' title='bbox 1696 873 1861 937; x_wconf 84' lang='lat' dir='ltr'>magis</span> 
     </span>
     <span class='ocr_line' id='line_1_10' title="bbox 345 948 1849 1017; baseline -0.001 -17"><span class='ocrx_word' id='word_1_67' title='bbox 345 948 501 1015; x_wconf 88' lang='lat' dir='ltr'>clade,</span> <span class='ocrx_word' id='word_1_68' title='bbox 535 955 683 1015; x_wconf 75' lang='lat' dir='ltr'>quam</span> <span class='ocrx_word' id='word_1_69' title='bbox 707 950 796 1001; x_wconf 89' lang='lat' dir='ltr'>suo</span> <span class='ocrx_word' id='word_1_70' title='bbox 831 950 1073 1017; x_wconf 83' lang='lat' dir='ltr'>periculo,</span> <span class='ocrx_word' id='word_1_71' title='bbox 1111 948 1410 999; x_wconf 86' lang='lat' dir='ltr'>terrebatur.</span> <span class='ocrx_word' id='word_1_72' title='bbox 1446 953 1685 1012; x_wconf 67' lang='lat' dir='ltr'>ceterum,</span> <span class='ocrx_word' id='word_1_73' title='bbox 1714 952 1849 1015; x_wconf 76' lang='lat' dir='ltr'>post-</span> 
     </span>
     <span class='ocr_line' id='line_1_11' title="bbox 346 1027 1836 1095; baseline 0 -18"><span class='ocrx_word' id='word_1_74' title='bbox 346 1042 500 1095; x_wconf 83' lang='lat' dir='ltr'>quam</span> <span class='ocrx_word' id='word_1_75' title='bbox 531 1029 652 1079; x_wconf 77' lang='lat' dir='ltr'>alias</span> <span class='ocrx_word' id='word_1_76' title='bbox 683 1028 1065 1091; x_wconf 70' lang='lat' dir='ltr'>circumventas,</span> <span class='ocrx_word' id='word_1_77' title='bbox 1099 1027 1383 1094; x_wconf 83' lang='lat' dir='ltr'>praetoriam</span> <span class='ocrx_word' id='word_1_78' title='bbox 1406 1040 1597 1076; x_wconf 82' lang='lat' dir='ltr'>navem</span> <span class='ocrx_word' id='word_1_79' title='bbox 1630 1027 1836 1093; x_wconf 82' lang='lat' dir='ltr'>Polyxe-</span> 
     </span>
     <span class='ocr_line' id='line_1_12' title="bbox 347 1101 1843 1167; baseline -0.002 -10"><span class='ocrx_word' id='word_1_80' title='bbox 347 1101 493 1167; x_wconf 77' lang='lat' dir='ltr'>nidae,</span> <span class='ocrx_word' id='word_1_81' title='bbox 527 1103 708 1155; x_wconf 74' lang='lat' dir='ltr'>reliffis</span> <span class='ocrx_word' id='word_1_82' title='bbox 729 1103 892 1167; x_wconf 82' lang='lat' dir='ltr'>sociis,</span> <span class='ocrx_word' id='word_1_83' title='bbox 923 1103 1041 1153; x_wconf 77' lang='lat' dir='ltr'>vela</span> <span class='ocrx_word' id='word_1_84' title='bbox 1073 1102 1274 1153; x_wconf 84' lang='lat' dir='ltr'>dantem</span> <span class='ocrx_word' id='word_1_85' title='bbox 1308 1101 1509 1165; x_wconf 81' lang='lat' dir='ltr'>videre,</span> <span class='ocrx_word' id='word_1_86' title='bbox 1543 1101 1739 1153; x_wconf 84' lang='lat' dir='ltr'>sublatis</span> <span class='ocrx_word' id='word_1_87' title='bbox 1764 1117 1843 1153; x_wconf 77' lang='lat' dir='ltr'>ra·</span> 
     </span>
     <span class='ocr_line' id='line_1_13' title="bbox 347 1178 1853 1249; baseline 0.001 -19"><span class='ocrx_word' id='word_1_88' title='bbox 347 1180 476 1247; x_wconf 71' lang='lat' dir='ltr'>prim</span> <span class='ocrx_word' id='word_1_89' title='bbox 497 1178 768 1233; x_wconf 81' lang='lat' dir='ltr'>dolonibus</span> <span class='ocrx_word' id='word_1_90' title='bbox 791 1182 862 1244; x_wconf 65' lang='grc' dir='ltr'>(ἃ</span> <span class='ocrx_word' id='word_1_91' title='bbox 889 1191 996 1231; x_wconf 88' lang='lat' dir='ltr'>erat</span> <span class='ocrx_word' id='word_1_92' title='bbox 1024 1179 1268 1249; x_wconf 73' lang='lat' dir='ltr'>secundus</span> <span class='ocrx_word' id='word_1_93' title='bbox 1290 1178 1580 1245; x_wconf 87' lang='lat' dir='ltr'>petentibus</span> <span class='ocrx_word' id='word_1_94' title='bbox 1604 1180 1853 1248; x_wconf 81' lang='lat' dir='ltr'>Ephesum</span> 
     </span>
     <span class='ocr_line' id='line_1_14' title="bbox 349 1255 1856 1325; baseline 0 -16"><span class='ocrx_word' id='word_1_95' title='bbox 349 1262 550 1323; x_wconf 69' lang='lat' dir='ltr'>ventus)</span> <span class='ocrx_word' id='word_1_96' title='bbox 583 1256 836 1325; x_wconf 66' lang='lat' dir='ltr'>capessunt</span> <span class='ocrx_word' id='word_1_97' title='bbox 857 1257 1043 1324; x_wconf 80' lang='lat' dir='ltr'>fugam,</span> <span class='ocrx_word' id='word_1_98' title='bbox 1078 1257 1407 1325; x_wconf 65' lang='lat' dir='ltr'>quadraginta</span> <span class='ocrx_word' id='word_1_99' title='bbox 1422 1255 1616 1307; x_wconf 86' lang='lat' dir='ltr'>duabus</span> <span class='ocrx_word' id='word_1_100' title='bbox 1640 1258 1856 1309; x_wconf 78' lang='lat' dir='ltr'>navibus</span> 
     </span>
     <span class='ocr_line' id='line_1_15' title="bbox 351 1333 1859 1403; baseline 0.003 -20"><span class='ocrx_word' id='word_1_101' title='bbox 351 1334 404 1385; x_wconf 86' lang='lat' dir='ltr'>in</span> <span class='ocrx_word' id='word_1_102' title='bbox 441 1349 498 1385; x_wconf 90' lang='lat' dir='ltr'>ea</span> <span class='ocrx_word' id='word_1_103' title='bbox 523 1348 688 1400; x_wconf 83' lang='lat' dir='ltr'>pugna</span> <span class='ocrx_word' id='word_1_104' title='bbox 719 1333 928 1395; x_wconf 79' lang='lat' dir='ltr'>amiffis3</span> <span class='ocrx_word' id='word_1_105' title='bbox 964 1350 1174 1400; x_wconf 85' lang='lat' dir='ltr'>quarum</span> <span class='ocrx_word' id='word_1_106' title='bbox 1209 1334 1377 1385; x_wconf 86' lang='lat' dir='ltr'>decem</span> <span class='ocrx_word' id='word_1_107' title='bbox 1414 1334 1464 1385; x_wconf 74' lang='grc' dir='ltr'>δι</span> <span class='ocrx_word' id='word_1_108' title='bbox 1498 1344 1599 1384; x_wconf 88' lang='lat' dir='ltr'>tres</span> <span class='ocrx_word' id='word_1_109' title='bbox 1623 1346 1781 1403; x_wconf 80' lang='lat' dir='ltr'>captae</span> <span class='ocrx_word' id='word_1_110' title='bbox 1804 1337 1859 1387; x_wconf 84' lang='lat' dir='ltr'>in</span> 
     </span>
     <span class='ocr_line' id='line_1_16' title="bbox 351 1410 1861 1479; baseline 0.001 -18"><span class='ocrx_word' id='word_1_111' title='bbox 351 1410 640 1479; x_wconf 77' lang='lat' dir='ltr'>potestatem</span> <span class='ocrx_word' id='word_1_112' title='bbox 665 1411 878 1461; x_wconf 82' lang='lat' dir='ltr'>hostium</span> <span class='ocrx_word' id='word_1_113' title='bbox 913 1422 1175 1472; x_wconf 85' lang='lat' dir='ltr'>venerunt,</span> <span class='ocrx_word' id='word_1_114' title='bbox 1208 1421 1383 1461; x_wconf 80' lang='lat' dir='ltr'>ceterae</span> <span class='ocrx_word' id='word_1_115' title='bbox 1416 1412 1627 1463; x_wconf 75' lang='lat' dir='ltr'>incensae</span> <span class='ocrx_word' id='word_1_116' title='bbox 1658 1424 1749 1463; x_wconf 89' lang='lat' dir='ltr'>aut</span> <span class='ocrx_word' id='word_1_117' title='bbox 1772 1414 1861 1463; x_wconf 89' lang='lat' dir='ltr'>de-</span> 
     </span>
     <span class='ocr_line' id='line_1_17' title="bbox 350 1486 1863 1549; baseline 0 -7"><span class='ocrx_word' id='word_1_118' title='bbox 350 1486 538 1542; x_wconf 73' lang='lat' dir='ltr'>mersat.</span> <span class='ocrx_word' id='word_1_119' title='bbox 605 1489 948 1539; x_wconf 82' lang='lat' dir='ltr'>Romanorum</span> <span class='ocrx_word' id='word_1_120' title='bbox 971 1487 1083 1537; x_wconf 79' lang='lat' dir='ltr'>duae</span> <span class='ocrx_word' id='word_1_121' title='bbox 1102 1502 1257 1537; x_wconf 79' lang='lat' dir='ltr'>naves</span> <span class='ocrx_word' id='word_1_122' title='bbox 1278 1487 1443 1539; x_wconf 63' lang='lat' dir='ltr'>frastae</span> <span class='ocrx_word' id='word_1_123' title='bbox 1460 1487 1591 1549; x_wconf 80' lang='lat' dir='ltr'>sunt,</span> <span class='ocrx_word' id='word_1_124' title='bbox 1626 1491 1863 1542; x_wconf 83' lang='lat' dir='ltr'>vulnera·</span> 
     </span>
     <span class='ocr_line' id='line_1_18' title="bbox 351 1560 1859 1635; baseline 0.001 -16"><span class='ocrx_word' id='word_1_125' title='bbox 351 1578 414 1619; x_wconf 75' lang='lat' dir='ltr'>tae</span> <span class='ocrx_word' id='word_1_126' title='bbox 429 1567 642 1633; x_wconf 79' lang='lat' dir='ltr'>aliquot.</span> <span class='ocrx_word' id='word_1_127' title='bbox 711 1560 910 1616; x_wconf 84' lang='lat' dir='ltr'>Rhodia</span> <span class='ocrx_word' id='word_1_128' title='bbox 927 1581 1027 1615; x_wconf 83' lang='lat' dir='ltr'>una</span> <span class='ocrx_word' id='word_1_129' title='bbox 1047 1574 1197 1633; x_wconf 79' lang='lat' dir='ltr'>‘capta</span> <span class='ocrx_word' id='word_1_130' title='bbox 1213 1566 1527 1617; x_wconf 82' lang='lat' dir='ltr'>memorabili</span> <span class='ocrx_word' id='word_1_131' title='bbox 1548 1567 1685 1618; x_wconf 87' lang='lat' dir='ltr'>casu.</span> <span class='ocrx_word' id='word_1_132' title='bbox 1718 1586 1859 1635; x_wconf 80' lang='lat' dir='ltr'>nam,</span> 
     </span>
     <span class='ocr_line' id='line_1_19' title="bbox 339 1642 1863 1713; baseline 0.001 -17"><span class='ocrx_word' id='word_1_133' title='bbox 339 1661 504 1713; x_wconf 78' lang='lat' dir='ltr'>quum</span> <span class='ocrx_word' id='word_1_134' title='bbox 537 1644 694 1695; x_wconf 79' lang='lat' dir='ltr'>rostro</span> <span class='ocrx_word' id='word_1_135' title='bbox 730 1642 1021 1711; x_wconf 80' lang='lat' dir='ltr'>percuffiss&#39;et</span> <span class='ocrx_word' id='word_1_136' title='bbox 1052 1642 1304 1695; x_wconf 87' lang='lat' dir='ltr'>Sidoniam</span> <span class='ocrx_word' id='word_1_137' title='bbox 1327 1659 1527 1708; x_wconf 85' lang='lat' dir='ltr'>navem,</span> <span class='ocrx_word' id='word_1_138' title='bbox 1560 1662 1770 1712; x_wconf 86' lang='lat' dir='ltr'>ancora,</span> <span class='ocrx_word' id='word_1_139' title='bbox 1808 1651 1863 1698; x_wconf 86' lang='lat' dir='ltr'>i-</span> 
     </span>
     <span class='ocr_line' id='line_1_20' title="bbox 349 1720 1856 1789; baseline 0.003 -16"><span class='ocrx_word' id='word_1_140' title='bbox 349 1722 428 1773; x_wconf 69' lang='lat' dir='ltr'>ctu</span> <span class='ocrx_word' id='word_1_141' title='bbox 450 1721 559 1789; x_wconf 84' lang='lat' dir='ltr'>ipso</span> <span class='ocrx_word' id='word_1_142' title='bbox 591 1720 790 1773; x_wconf 79' lang='lat' dir='ltr'>excuss&#39;a</span> <span class='ocrx_word' id='word_1_143' title='bbox 811 1724 840 1771; x_wconf 79' lang='grc' dir='ltr'><strong>ὲ</strong></span> <span class='ocrx_word' id='word_1_144' title='bbox 867 1736 998 1771; x_wconf 82' lang='lat' dir='ltr'>nave</span> <span class='ocrx_word' id='word_1_145' title='bbox 1028 1720 1131 1785; x_wconf 82' lang='lat' dir='ltr'>sua,</span> <span class='ocrx_word' id='word_1_146' title='bbox 1164 1736 1301 1771; x_wconf 87' lang='lat' dir='ltr'>unco</span> <span class='ocrx_word' id='word_1_147' title='bbox 1336 1722 1499 1786; x_wconf 88' lang='lat' dir='ltr'>dente,</span> <span class='ocrx_word' id='word_1_148' title='bbox 1532 1724 1673 1774; x_wconf 75' lang='lat' dir='ltr'>velut</span> <span class='ocrx_word' id='word_1_149' title='bbox 1692 1740 1856 1777; x_wconf 86' lang='lat' dir='ltr'>manu</span> 
     </span>
     <span class='ocr_line' id='line_1_21' title="bbox 348 1790 1859 1868; baseline 0.003 -16"><span class='ocrx_word' id='word_1_150' title='bbox 348 1798 716 1864; x_wconf 66' lang='grc' dir='ltr'>ῖοπεέιὶιῄεξὶὲ,</span> <span class='ocrx_word' id='word_1_151' title='bbox 749 1798 974 1865; x_wconf 82' lang='lat' dir='ltr'>alligavit</span> <span class='ocrx_word' id='word_1_152' title='bbox 1001 1798 1203 1851; x_wconf 84' lang='lat' dir='ltr'>alterius</span> <span class='ocrx_word' id='word_1_153' title='bbox 1227 1814 1457 1868; x_wconf 85' lang='lat' dir='ltr'>proram:</span> <span class='ocrx_word' id='word_1_154' title='bbox 1493 1800 1607 1852; x_wconf 84' lang='lat' dir='ltr'>inde</span> <span class='ocrx_word' id='word_1_155' title='bbox 1628 1790 1859 1857; x_wconf 79' lang='lat' dir='ltr'>tumultu</span> 
     </span>
     <span class='ocr_line' id='line_1_22' title="bbox 349 1875 1861 1946; baseline 0.006 -21"><span class='ocrx_word' id='word_1_156' title='bbox 349 1875 548 1946; x_wconf 63' lang='lat' dir='ltr'>injefiio,</span> <span class='ocrx_word' id='word_1_157' title='bbox 583 1891 754 1942; x_wconf 87' lang='lat' dir='ltr'>quum,</span> <span class='ocrx_word' id='word_1_158' title='bbox 788 1875 1023 1926; x_wconf 84' lang='lat' dir='ltr'>divellere</span> <span class='ocrx_word' id='word_1_159' title='bbox 1059 1876 1107 1944; x_wconf 71' lang='lat' dir='ltr'>se</span> <span class='ocrx_word' id='word_1_160' title='bbox 1141 1877 1208 1926; x_wconf 90' lang='lat' dir='ltr'>ab</span> <span class='ocrx_word' id='word_1_161' title='bbox 1238 1877 1375 1926; x_wconf 87' lang='lat' dir='ltr'>hoste</span> <span class='ocrx_word' id='word_1_162' title='bbox 1410 1880 1687 1946; x_wconf 85' lang='lat' dir='ltr'>cupientes,</span> <span class='ocrx_word' id='word_1_163' title='bbox 1718 1883 1861 1934; x_wconf 81' lang='lat' dir='ltr'>inhi-</span> 
     </span>
     <span class='ocr_line' id='line_1_23' title="bbox 347 1951 1857 2026; baseline 0.004 -21"><span class='ocrx_word' id='word_1_164' title='bbox 347 1952 524 2006; x_wconf 87' lang='lat' dir='ltr'>berent</span> <span class='ocrx_word' id='word_1_165' title='bbox 553 1953 753 2015; x_wconf 84' lang='lat' dir='ltr'>Rhodii,</span> <span class='ocrx_word' id='word_1_166' title='bbox 789 1951 997 2007; x_wconf 56' lang='lat' dir='ltr'>trabium</span> <span class='ocrx_word' id='word_1_167' title='bbox 1034 1954 1263 2004; x_wconf 86' lang='lat' dir='ltr'>ancorale</span> <span class='ocrx_word' id='word_1_168' title='bbox 1287 1955 1338 2004; x_wconf 70' lang='grc' dir='ltr'><strong><em>ἃ</em></strong></span> <span class='ocrx_word' id='word_1_169' title='bbox 1366 1956 1665 2023; x_wconf 85' lang='lat' dir='ltr'>implicitum</span> <span class='ocrx_word' id='word_1_170' title='bbox 1686 1962 1857 2026; x_wconf 86' lang='lat' dir='ltr'>remis,</span> 
     </span>
     <span class='ocr_line' id='line_1_24' title="bbox 347 2030 1855 2102; baseline 0.005 -20"><span class='ocrx_word' id='word_1_171' title='bbox 347 2032 476 2086; x_wconf 79' lang='lat' dir='ltr'>latus</span> <span class='ocrx_word' id='word_1_172' title='bbox 491 2032 700 2082; x_wconf 86' lang='lat' dir='ltr'>alterum</span> <span class='ocrx_word' id='word_1_173' title='bbox 719 2030 946 2082; x_wconf 86' lang='lat' dir='ltr'>deterfit:</span> <span class='ocrx_word' id='word_1_174' title='bbox 981 2031 1292 2082; x_wconf 83' lang='lat' dir='ltr'>debilitatam</span> <span class='ocrx_word' id='word_1_175' title='bbox 1332 2046 1395 2082; x_wconf 89' lang='lat' dir='ltr'>ea</span> <span class='ocrx_word' id='word_1_176' title='bbox 1439 2033 1562 2100; x_wconf 84' lang='lat' dir='ltr'>ipsa,</span> <span class='ocrx_word' id='word_1_177' title='bbox 1598 2051 1711 2102; x_wconf 71' lang='lat' dir='ltr'>quae</span> <span class='ocrx_word' id='word_1_178' title='bbox 1756 2037 1855 2088; x_wconf 73' lang='lat' dir='ltr'>iaa</span> 
     </span>
    </p>
   </div>
   <div class='ocr_carea' id='block_1_4' title="bbox 351 2103 1887 2183">
    <p class='ocr_par' dir='ltr' id='par_1_4' title="bbox 351 2103 1887 2183">
     <span class='ocr_line' id='line_1_25' title="bbox 351 2103 1887 2183; baseline 0.001 -21"><span class='ocrx_word' id='word_1_179' title='bbox 351 2108 636 2173; x_wconf 79' lang='lat' dir='ltr'>cohaesennt,</span> <span class='ocrx_word' id='word_1_180' title='bbox 671 2110 844 2158; x_wconf 82' lang='lat' dir='ltr'>navim</span> <span class='ocrx_word' id='word_1_181' title='bbox 867 2103 1021 2176; x_wconf 64' lang='lat' dir='ltr'>cepit.</span> <span class='ocrx_word' id='word_1_182' title='bbox 1076 2113 1203 2161; x_wconf 84' lang='lat' dir='ltr'>-Hoc</span> <span class='ocrx_word' id='word_1_183' title='bbox 1226 2111 1443 2162; x_wconf 78' lang='lat' dir='ltr'>maxime</span> <span class='ocrx_word' id='word_1_184' title='bbox 1464 2112 1620 2166; x_wconf 85' lang='lat' dir='ltr'>modo</span> <span class='ocrx_word' id='word_1_185' title='bbox 1640 2114 1705 2165; x_wconf 88' lang='lat' dir='ltr'>ad</span> <span class='ocrx_word' id='word_1_186' title='bbox 1728 2118 1855 2183; x_wconf 82' lang='lat' dir='ltr'>My·</span> <span class='ocrx_word' id='word_1_187' title='bbox 1882 2156 1887 2164; x_wconf 89' lang='lat'>.</span> 
     </span>
    </p>
   </div>
   <div class='ocr_carea' id='block_1_5' title="bbox 312 2186 1855 2570">
    <p class='ocr_par' dir='ltr' id='par_1_5' title="bbox 353 2186 1381 2256">
     <span class='ocr_line' id='line_1_26' title="bbox 353 2186 1381 2256; baseline 0 -18"><span class='ocrx_word' id='word_1_188' title='bbox 353 2186 598 2238; x_wconf 83' lang='lat' dir='ltr'>onnesum</span> <span class='ocrx_word' id='word_1_189' title='bbox 619 2187 800 2238; x_wconf 72' lang='lat' dir='ltr'>navali,</span> <span class='ocrx_word' id='word_1_190' title='bbox 810 2188 987 2254; x_wconf 84' lang='lat' dir='ltr'>proelio</span> <span class='ocrx_word' id='word_1_191' title='bbox 1007 2198 1283 2256; x_wconf 86' lang='lat' dir='ltr'>pugnatum</span> <span class='ocrx_word' id='word_1_192' title='bbox 1300 2188 1381 2238; x_wconf 84' lang='lat' dir='ltr'>est·</span> 
     </span>
    </p>

    <p class='ocr_par' dir='ltr' id='par_1_6' title="bbox 312 2267 1855 2570">
     <span class='ocr_line' id='line_1_27' title="bbox 418 2267 1855 2339; baseline 0.006 -23"><span class='ocrx_word' id='word_1_193' title='bbox 418 2267 618 2318; x_wconf 85' lang='lat' dir='ltr'>XXXI.</span> <span class='ocrx_word' id='word_1_194' title='bbox 659 2269 780 2332; x_wconf 73' lang='lat' dir='ltr'>Quo</span> <span class='ocrx_word' id='word_1_195' title='bbox 819 2267 1017 2318; x_wconf 75' lang='lat' dir='ltr'>territus</span> <span class='ocrx_word' id='word_1_196' title='bbox 1056 2268 1352 2330; x_wconf 79' lang='lat' dir='ltr'>Antiochus,</span> <span class='ocrx_word' id='word_1_197' title='bbox 1394 2270 1529 2335; x_wconf 86' lang='lat' dir='ltr'>quia,</span> <span class='ocrx_word' id='word_1_198' title='bbox 1562 2270 1855 2339; x_wconf 80' lang='lat' dir='ltr'>poss&#39;essione</span> 
     </span>
     <span class='ocr_line' id='line_1_28' title="bbox 351 2339 1853 2418; baseline 0.003 -20"><span class='ocrx_word' id='word_1_199' title='bbox 351 2345 498 2398; x_wconf 81' lang='lat' dir='ltr'>maris</span> <span class='ocrx_word' id='word_1_200' title='bbox 529 2343 710 2410; x_wconf 84' lang='lat' dir='ltr'>pulsus,</span> <span class='ocrx_word' id='word_1_201' title='bbox 745 2344 1017 2410; x_wconf 86' lang='lat' dir='ltr'>longinqua</span> <span class='ocrx_word' id='word_1_202' title='bbox 1046 2345 1175 2396; x_wconf 86' lang='lat' dir='ltr'>tueri</span> <span class='ocrx_word' id='word_1_203' title='bbox 1198 2339 1449 2396; x_wconf 85' lang='lat' dir='ltr'>diffidebat</span> <span class='ocrx_word' id='word_1_204' title='bbox 1476 2345 1525 2396; x_wconf 85' lang='lat' dir='ltr'>se</span> <span class='ocrx_word' id='word_1_205' title='bbox 1542 2349 1694 2415; x_wconf 69' lang='lat' dir='ltr'>polle,</span> <span class='ocrx_word' id='word_1_206' title='bbox 1728 2367 1853 2418; x_wconf 77' lang='lat' dir='ltr'>prae·</span> 
     </span>
     <span class='ocr_line' id='line_1_29' title="bbox 351 2423 1855 2492; baseline 0.003 -18"><span class='ocrx_word' id='word_1_207' title='bbox 351 2423 526 2475; x_wconf 79' lang='lat' dir='ltr'>sidium</span> <span class='ocrx_word' id='word_1_208' title='bbox 549 2424 613 2473; x_wconf 85' lang='lat' dir='ltr'>ab</span> <span class='ocrx_word' id='word_1_209' title='bbox 645 2423 978 2489; x_wconf 68' lang='lat' dir='ltr'>Lysimachia,</span> <span class='ocrx_word' id='word_1_210' title='bbox 1014 2439 1077 2474; x_wconf 86' lang='lat' dir='ltr'>ne</span> <span class='ocrx_word' id='word_1_211' title='bbox 1101 2425 1465 2492; x_wconf 83' lang='lat' dir='ltr'>opprimeretur</span> <span class='ocrx_word' id='word_1_212' title='bbox 1487 2427 1561 2478; x_wconf 83' lang='lat' dir='ltr'>ibi</span> <span class='ocrx_word' id='word_1_213' title='bbox 1586 2429 1653 2482; x_wconf 85' lang='lat' dir='ltr'>ab</span> <span class='ocrx_word' id='word_1_214' title='bbox 1668 2432 1855 2480; x_wconf 83' lang='lat' dir='ltr'>Roma·</span> 
     </span>
     <span class='ocr_line' id='line_1_30' title="bbox 312 2501 1853 2570; baseline 0.003 -18"><span class='ocrx_word' id='word_1_215' title='bbox 312 2542 325 2552; x_wconf 84' lang='lat'><strong><em>.</em></strong></span> <span class='ocrx_word' id='word_1_216' title='bbox 353 2505 446 2567; x_wconf 87' lang='lat' dir='ltr'>nis,</span> <span class='ocrx_word' id='word_1_217' title='bbox 479 2501 656 2554; x_wconf 87' lang='lat' dir='ltr'>deduci</span> <span class='ocrx_word' id='word_1_218' title='bbox 691 2516 866 2569; x_wconf 84' lang='lat' dir='ltr'>pravo,</span> <span class='ocrx_word' id='word_1_219' title='bbox 899 2511 957 2550; x_wconf 91' lang='lat' dir='ltr'>ut</span> <span class='ocrx_word' id='word_1_220' title='bbox 983 2517 1062 2550; x_wconf 81' lang='lat' dir='ltr'>res</span> <span class='ocrx_word' id='word_1_221' title='bbox 1096 2503 1199 2568; x_wconf 85' lang='lat' dir='ltr'>ipsa</span> <span class='ocrx_word' id='word_1_222' title='bbox 1230 2503 1395 2570; x_wconf 85' lang='lat' dir='ltr'>postea</span> <span class='ocrx_word' id='word_1_223' title='bbox 1416 2504 1611 2570; x_wconf 85' lang='lat' dir='ltr'>docuit,</span> <span class='ocrx_word' id='word_1_224' title='bbox 1644 2507 1853 2560; x_wconf 74' lang='lat' dir='ltr'>consilio</span> 
     </span>
    </p>
   </div>
   <div class='ocr_carea' id='block_1_6' title="bbox 347 2575 1879 2651">
    <p class='ocr_par' dir='ltr' id='par_1_7' title="bbox 347 2575 1879 2651">
     <span class='ocr_line' id='line_1_31' title="bbox 347 2575 1879 2651; baseline 0.005 -22"><span class='ocrx_word' id='word_1_225' title='bbox 347 2579 498 2644; x_wconf 84' lang='lat' dir='ltr'>juffit.</span> <span class='ocrx_word' id='word_1_226' title='bbox 537 2583 640 2628; x_wconf 73' lang='lat' dir='ltr'>non</span> <span class='ocrx_word' id='word_1_227' title='bbox 679 2576 812 2626; x_wconf 84' lang='lat' dir='ltr'>enim</span> <span class='ocrx_word' id='word_1_228' title='bbox 845 2578 972 2626; x_wconf 85' lang='lat' dir='ltr'>tueri</span> <span class='ocrx_word' id='word_1_229' title='bbox 1016 2575 1179 2628; x_wconf 73' lang='lat' dir='ltr'>solum</span> <span class='ocrx_word' id='word_1_230' title='bbox 1213 2579 1583 2645; x_wconf 66' lang='lat' dir='ltr'>Lysimachiam</span> <span class='ocrx_word' id='word_1_231' title='bbox 1620 2587 1651 2631; x_wconf 73' lang='lat' dir='ltr'>a</span> <span class='ocrx_word' id='word_1_232' title='bbox 1687 2585 1879 2651; x_wconf 68' lang='lat' dir='ltr'>primo,</span> 
     </span>
    </p>
   </div>
   <div class='ocr_carea' id='block_1_7' title="bbox 349 2655 1862 3188">
    <p class='ocr_par' dir='ltr' id='par_1_8' title="bbox 349 2655 1862 3109">
     <span class='ocr_line' id='line_1_32' title="bbox 353 2655 1857 2731; baseline 0.006 -27"><span class='ocrx_word' id='word_1_233' title='bbox 353 2656 546 2722; x_wconf 88' lang='lat' dir='ltr'>impetu</span> <span class='ocrx_word' id='word_1_234' title='bbox 571 2657 910 2706; x_wconf 84' lang='lat' dir='ltr'>Romanorum</span> <span class='ocrx_word' id='word_1_235' title='bbox 935 2655 1080 2704; x_wconf 82' lang='lat' dir='ltr'>facile</span> <span class='ocrx_word' id='word_1_236' title='bbox 1103 2665 1239 2731; x_wconf 62' lang='lat' dir='ltr'>erat:</span> <span class='ocrx_word' id='word_1_237' title='bbox 1274 2655 1357 2706; x_wconf 88' lang='lat' dir='ltr'>sed</span> <span class='ocrx_word' id='word_1_238' title='bbox 1375 2656 1686 2710; x_wconf 68' lang='lat' dir='ltr'>obsidionem</span> <span class='ocrx_word' id='word_1_239' title='bbox 1702 2661 1857 2712; x_wconf 85' lang='lat' dir='ltr'>etiam</span> 
     </span>
     <span class='ocr_line' id='line_1_33' title="bbox 354 2731 1859 2804; baseline 0.007 -24"><span class='ocrx_word' id='word_1_240' title='bbox 354 2747 443 2800; x_wconf 84' lang='lat' dir='ltr'>per</span> <span class='ocrx_word' id='word_1_241' title='bbox 477 2742 635 2781; x_wconf 86' lang='lat' dir='ltr'>totam</span> <span class='ocrx_word' id='word_1_242' title='bbox 669 2731 884 2782; x_wconf 86' lang='lat' dir='ltr'>hiemem</span> <span class='ocrx_word' id='word_1_243' title='bbox 920 2733 1149 2796; x_wconf 83' lang='lat' dir='ltr'>tolerare,</span> <span class='ocrx_word' id='word_1_244' title='bbox 1184 2735 1235 2783; x_wconf 68' lang='lat' dir='ltr'>dt</span> <span class='ocrx_word' id='word_1_245' title='bbox 1264 2734 1539 2785; x_wconf 68' lang='lat' dir='ltr'>obsidentes</span> <span class='ocrx_word' id='word_1_246' title='bbox 1564 2751 1773 2804; x_wconf 88' lang='lat' dir='ltr'>quoque</span> <span class='ocrx_word' id='word_1_247' title='bbox 1794 2739 1859 2791; x_wconf 88' lang='lat' dir='ltr'>ad</span> 
     </span>
     <span class='ocr_line' id='line_1_34' title="bbox 349 2807 1858 2879; baseline 0.005 -21"><span class='ocrx_word' id='word_1_248' title='bbox 349 2808 582 2862; x_wconf 49' lang='lat' dir='ltr'>‘ultimam</span> <span class='ocrx_word' id='word_1_249' title='bbox 605 2808 828 2873; x_wconf 85' lang='lat' dir='ltr'>inopiam</span> <span class='ocrx_word' id='word_1_250' title='bbox 858 2807 1102 2859; x_wconf 73' lang='lat' dir='ltr'>adducere</span> <span class='ocrx_word' id='word_1_251' title='bbox 1131 2811 1440 2861; x_wconf 84' lang='lat' dir='ltr'>extrahendo</span> <span class='ocrx_word' id='word_1_252' title='bbox 1458 2819 1671 2879; x_wconf 77' lang='lat' dir='ltr'>tempus,</span> <span class='ocrx_word' id='word_1_253' title='bbox 1708 2815 1763 2866; x_wconf 64' lang='grc' dir='ltr'><strong><em>ἃ</em></strong></span> <span class='ocrx_word' id='word_1_254' title='bbox 1780 2816 1858 2866; x_wconf 86' lang='lat' dir='ltr'>in·</span> 
     </span>
     <span class='ocr_line' id='line_1_35' title="bbox 356 2883 1862 2957; baseline 0.002 -19"><span class='ocrx_word' id='word_1_255' title='bbox 356 2886 501 2956; x_wconf 67' lang='lat' dir='ltr'>terim</span> <span class='ocrx_word' id='word_1_256' title='bbox 520 2883 656 2949; x_wconf 83' lang='lat' dir='ltr'>spem</span> <span class='ocrx_word' id='word_1_257' title='bbox 683 2886 819 2950; x_wconf 85' lang='lat' dir='ltr'>pacis</span> <span class='ocrx_word' id='word_1_258' title='bbox 849 2900 936 2951; x_wconf 88' lang='lat' dir='ltr'>per</span> <span class='ocrx_word' id='word_1_259' title='bbox 954 2887 1233 2936; x_wconf 69' lang='lat' dir='ltr'>occasiones</span> <span class='ocrx_word' id='word_1_260' title='bbox 1278 2898 1501 2938; x_wconf 87' lang='lat' dir='ltr'>tentare.-</span> <span class='ocrx_word' id='word_1_261' title='bbox 1559 2891 1672 2940; x_wconf 86' lang='lat' dir='ltr'>Nec</span> <span class='ocrx_word' id='word_1_262' title='bbox 1713 2893 1862 2957; x_wconf 80' lang='lat' dir='ltr'><strong>Lyfi-</strong></span> 
     </span>
     <span class='ocr_line' id='line_1_36' title="bbox 355 2962 1858 3032; baseline 0.007 -22"><span class='ocrx_word' id='word_1_263' title='bbox 355 2962 600 3016; x_wconf 83' lang='lat' dir='ltr'>maehiam</span> <span class='ocrx_word' id='word_1_264' title='bbox 637 2967 830 3010; x_wconf 77' lang='lat' dir='ltr'>tantum</span> <span class='ocrx_word' id='word_1_265' title='bbox 865 2963 1083 3012; x_wconf 80' lang='lat' dir='ltr'>hostibus</span> <span class='ocrx_word' id='word_1_266' title='bbox 1120 2962 1319 3014; x_wconf 86' lang='lat' dir='ltr'>tradidit</span> <span class='ocrx_word' id='word_1_267' title='bbox 1346 2967 1451 3032; x_wconf 85' lang='lat' dir='ltr'>post</span> <span class='ocrx_word' id='word_1_268' title='bbox 1476 2965 1741 3019; x_wconf 82' lang='lat' dir='ltr'>adversam</span> <span class='ocrx_word' id='word_1_269' title='bbox 1766 2985 1858 3020; x_wconf 86' lang='lat' dir='ltr'>na-</span> 
     </span>
     <span class='ocr_line' id='line_1_37' title="bbox 353 3036 1859 3109; baseline 0.005 -21"><span class='ocrx_word' id='word_1_270' title='bbox 353 3037 520 3090; x_wconf 73' lang='lat' dir='ltr'>valem</span> <span class='ocrx_word' id='word_1_271' title='bbox 549 3050 784 3102; x_wconf 76' lang='lat' dir='ltr'>pugnam,</span> <span class='ocrx_word' id='word_1_272' title='bbox 819 3036 902 3089; x_wconf 84' lang='lat' dir='ltr'>sed</span> <span class='ocrx_word' id='word_1_273' title='bbox 915 3039 1071 3092; x_wconf 85' lang='lat' dir='ltr'>etiam</span> <span class='ocrx_word' id='word_1_274' title='bbox 1098 3040 1409 3109; x_wconf 81' lang='lat' dir='ltr'>Colophonis</span> <span class='ocrx_word' id='word_1_275' title='bbox 1438 3043 1697 3098; x_wconf 75' lang='lat' dir='ltr'>obsidione</span> <span class='ocrx_word' id='word_1_276' title='bbox 1729 3047 1859 3096; x_wconf 84' lang='lat' dir='ltr'>abs-</span> 
     </span>
    </p>

    <p class='ocr_par' dir='ltr' id='par_1_9' title="bbox 802 3122 1856 3188">
     <span class='ocr_line' id='line_1_38' title="bbox 802 3122 1856 3188; baseline 0.002 -18"><span class='ocrx_word' id='word_1_277' title='bbox 802 3139 808 3145; x_wconf 80' lang='lat'><strong>·</strong></span> <span class='ocrx_word' id='word_1_278' title='bbox 1363 3145 1391 3156; x_wconf 42' lang='grc' dir='ltr'><em>α</em></span> <span class='ocrx_word' id='word_1_279' title='bbox 1698 3122 1856 3188; x_wconf 77' lang='lat' dir='ltr'>cellit,</span> 
     </span>
    </p>
   </div>
   <div class='ocr_carea' id='block_1_8' title="bbox 1958 3241 1969 3280">
    <p class='ocr_par' dir='ltr' id='par_1_10' title="bbox 1958 3241 1969 3280">
     <span class='ocr_line' id='line_1_39' title="bbox 1958 3241 1969 3280; baseline 0 0"><span class='ocrx_word' id='word_1_280' title='bbox 1958 3241 1969 3280; x_wconf 65' lang='lat'>4</span> 
     </span>
    </p>
   </div>
   <div class='ocr_carea' id='block_1_9' title="bbox 1962 2295 1983 3469">
    <p class='ocr_par' dir='ltr' id='par_1_11' title="bbox 1962 2295 1983 3469">
     <span class='ocr_line' id='line_1_40' title="bbox 1962 2295 1983 3469; baseline 0 0"><span class='ocrx_word' id='word_1_281' title='bbox 1962 2295 1983 3469; x_wconf 95' lang='lat' dir='ltr'> </span> 
     </span>
    </p>
   </div>
   <div class='ocr_carea' id='block_1_10' title="bbox 1978 1728 1989 2323">
    <p class='ocr_par' dir='ltr' id='par_1_12' title="bbox 1978 1728 1989 2323">
     <span class='ocr_line' id='line_1_41' title="bbox 1978 1728 1989 2323; baseline 0 0"><span class='ocrx_word' id='word_1_282' title='bbox 1978 1728 1989 2323; x_wconf 95' lang='lat' dir='ltr'> </span> 
     </span>
    </p>
   </div>
  </div>
 </body>
</html>
