2000 3700
591 287 644 340 L
677 289 705 339 1
739 289 780 338 Β
815 289 860 338 E
895 289 942 338 R
1012 269 1272 339 xxv'm.
1663 301 1699 354 ς

175 377 593 428 circumvallaret
617 380 815 442 urbem,
851 379 984 428 mifit
1006 379 1069 428 ad
1092 391 1273 445 portas,
1307 377 1477 445 quiex
1496 379 1707 448 propin—

176 471 282 521 quo
303 458 537 524 alloquio
563 461 759 508 animos
783 469 1051 522 tentarent,
1073 459 1437 524 suaderentque,
1458 471 1513 510 ut
1532 461 1707 511 amici-

177 534 302 582 tiam
345 537 540 601 potius,
593 544 742 602 quam
787 537 912 598 vim,
958 537 1307 603 experirentur
1340 539 1705 588 Romanorum.

175 610 276 658 Ubi
307 612 434 661 nihil
461 615 634 679 pacati
664 611 1075 678 respondebatur,
1111 611 1235 660 fossa
1260 611 1543 679 duplicique
1568 615 1707 666 vallo

174 684 491 736 circumdata
519 687 666 750 urbe,
702 689 750 736 in
784 697 884 734 tres
915 695 1077 752 partes
1104 687 1379 736 exercitum
1398 687 1611 738 dividit:
1644 699 1707 740 ut

175 775 280 812 una
311 763 509 832 semper
532 782 662 834 pars,
698 764 881 830 quietis
906 765 1102 813 interim
1126 763 1331 826 duabus,
1366 778 1703 834 oppugnaret.

157 841 343 892 ‘Prima
371 861 488 911 pars
512 861 670 911 quum
695 843 873 895 adorta
903 859 1194 910 oppugnare
1224 845 1309 907 est,
1342 856 1489 895 atrox
1516 843 1627 896 sane
1650 845 1705 898 δε

173 937 362 991 anceps
385 927 620 992 proelium
651 925 782 974 suit:
817 939 922 973 non
955 923 1133 984 subire,
1169 939 1268 972 non
1302 924 1449 973 scalas
1480 925 1607 975 serre
1636 925 1703 978 ad

173 1013 348 1052 muros
379 1019 482 1070 prae
502 1001 838 1052 incidentibus
863 1001 972 1060 (elis
995 1000 1141 1050 facile
1165 1014 1285 1051 erat.
1323 1001 1405 1052 δι’
1386 1017 1507 1066 Jam,
1542 1003 1627 1069 qui
1647 1021 1703 1053 e-

173 1091 420 1129 rexerant
440 1081 506 1130 ad
531 1097 731 1130 murum
759 1079 926 1141 scalaS,
962 1080 1049 1129 alii
1072 1079 1221 1129 furcis
1252 1079 1313 1129 ad
1338 1080 1391 1129 id
1428 1081 1587 1148 ipsum
1622 1080 1701 1130 fa·

171 1155 268 1206 ffls
290 1157 707 1220 detrudebantur,
743 1159 796 1207 in
820 1159 944 1207 alios
965 1159 1071 1225 lupi
1098 1159 1303 1250 superne
1333 1159 1477 1210 ferrei
1509 1159 1696 1228 injeffi,

174 1247 234 1286 ut
259 1233 310 1286 in
347 1239 575 1305 periculo
598 1237 770 1300 essent,-
807 1254 869 1287 ne
907 1237 1115 1306 suspensi
1152 1240 1203 1289 in
1228 1255 1427 1289 murum
1463 1242 1699 1290 extrahe·

175 1326 372 1364 rentur.
440 1317 578 1382 quod
613 1317 703 1364 ubi
734 1317 1092 1367 animadvertit
1127 1319 1311 1384 Scipio,
1346 1319 1497 1367 nimia
1516 1319 1701 1385 pauci-

174 1399 284 1440 tate
305 1392 513 1442 suorum
539 1402 861 1458 exaequatum
899 1404 1145 1444 certamen
1176 1395 1287 1460 effe,
1324 1395 1375 1448 ἃ
1394 1396 1499 1460 jam
1530 1411 1591 1446 eo
1615 1396 1696 1446 su·—

169 1483 351 1538 perare
379 1471 590 1533 hostem,
626 1470 764 1537 quod
783 1486 850 1522 ex
867 1487 1015 1523 muro
1034 1484 1276 1540 pugnaret
1288 1493 1303 1536 ;
1340 1473 1536 1524 duabus
1554 1473 1698 1526 fim‘ul

173 1550 422 1618 partibus,
459 1551 619 1617 prima
652 1550 870 1618 recepta,
915 1551 1093 1601 urberr‘i
1128 1553 1195 1617 est
1230 1552 1491 1618 aggressus.
1567 1557 1699 1618 Quae

171 1642 251 1679 res
286 1638 489 1679 tantum
525 1630 734 1698 pauoris
767 1629 945 1692 injecit
979 1629 1105 1680 feffis
1132 1631 1239 1694 J'am
1267 1645 1381 1680 eum
1406 1631 1577 1698 primis
1600 1647 1696 1700 pu·

173 1705 398 1772 gnando,
433 1717 493 1756 ut
521 1707 574 1756 ἀ
597 1707 837 1774 oppidani
867 1710 1047 1758 moenia
1072 1707 1334 1777 repentina
1360 1705 1483 1772 fuga
1502 1707 1695 1759 desere·

177 1794 320 1833 rent:
376 1784 429 1833 ἀ
465 1784 714 1834 Punicum
754 1783 1033 1852 praefidium
1065 1795 1221 1851 metu,
1255 1799 1317 1834 ne
1351 1783 1548 1853 prodita
1576 1787 1697 1840 urbe

170 1860 308 1923 esset,
341 1862 523 1933 reliffis
543 1863 838 1913 stationibus
863 1864 915 1913 in
937 1878 1096 1927 unum
1120 1862 1173 1913 se
1196 1863 1468 1929 colligeret.
1507 1867 1695 1919 Timor

155 1940 290 1991 'inde
322 1940 606 2009 oppidanos
639 1941 846 2003 inceffit,
879 1956 956 2005 ne,
993 1942 1027 1992 fi
1058 1942 1207 1993 hostis
1240 1942 1418 1993 urbem
1454 1944 1692 2010 intr-aflet,

173 2019 277 2070 fine
295 2018 596 2084 discrimine,
635 2021 811 2070 Poenus
829 2036 891 2071 an
915 2020 1161 2089 Hispanus
1184 2020 1317 2087 esset,
1352 2023 1495 2074 obvii
1520 2023 1693 2093 paffim

173 2096 495 2151 caederentur.
534 2098 723 2163 itaque,
760 2100 1005 2166 patefasta
1033 2103 1233 2167 repente
1255 2098 1417 2168 porta,
1454 2102 1690 2167 frequen·

155 2178 245 2226 ‘tes
266 2190 332 2227 ex
354 2175 547 2242 oppido
574 2174 673 2225 sese
695 2175 969 2239 ejecerunt,
1006 2176 1142 2229 scuta
1165 2194 1265 2245 prae
1282 2177 1331 2227 se
1355 2190 1589 2242 tenentes,
1626 2196 1691 2232 ne

173 2254 271 2302 tela
301 2253 478 2321 procul
515 2254 916 2317 conjicerentur,
950 2256 1151 2305 dextras
1185 2256 1339 2306 nudas
1373 2257 1689 2344 ostentantes,

171 2339 230 2379 ut
251 2329 444 2394 gladios
466 2328 698 2393 abjeciffe
720 2339 1000 2397 appareret.
1051 2330 1101 2379 id
1132 2334 1298 2379 utrum
1322 2344 1497 2396 parurn
1522 2345 1587 2381 ex
1611 2332 1692 2383 in-

161 2407 386 2456 'tervallo
410 2405 468 2457 fit
493 2406 834 2476 conspeftum,
870 2424 934 2458 an
955 2406 1101 2457 dolus
1123 2407 1302 2473 aliquis
1326 2406 1573 2475 suspeaus
1606 2410 1688 2461 fu-

173 2486 280 2547 erit,
316 2486 686 2552 incompertum
711 2486 796 2536 est.
865 2489 1093 2553 Impetus
1116 2486 1307 2537 hostilis
1330 2488 1382 2536 in
1408 2486 1689 2555 transfugas

170 2561 353 2613 fastus:
389 2560 485 2613 hec
511 2562 662 2624 secuS,
699 2568 848 2628 quam
867 2563 1077 2631 aduersa
1096 2566 1243 2628 acies,
1277 2564 1402 2616 eaefi.
1471 2564 1687 2619 Eadem·-

167 2641 437 2707 que‚porta
459 2638 596 2703 ligna
622 2638 796 2689 infesta
830 2638 1095 2690 in’urbem
1118 2640 1283 2691 mata:
1318 2640 1371 2691 δε
1392 2632 1500 2691 aliis
1528 2644 1688 2710 parti-

165 2718 255 2772 bus
277 2716 538 2768 securibus
572 2716 890 2784 dolabrisque
913 2718 1229 2769 caedebantur
1262 2718 1313 2771 ἃ
1343 2719 1688 2787 refringebana·

165 2807 246 2848 tur
279 2808 458 2865 portae,
497 2795 566 2859 Bt,
599 2805 660 2845 ut
696 2796 902 2862 quisque
931 2796 1219 2847 intraverat
1220 2813 1392 2864 eques,
1427 2797 1491 2848 ad
1512 2798 1684 2855 sorum

164 2874 518 2942 occupandum
560 2874 651 2938 (ita
687 2875 820 2924 enim
856 2886 1165 2942 praeceptum
1194 2878 1317 2947 erat)
1355 2878 1515 2947 citato.
1547 2893 1683 2943 equo

103 2976 110 2981 ·
164 2955 423 3023 pergebat.
499 2950 743 3002 Additum
767 2964 870 3003 erat
895 2954 945 3003 &
975 2954 1259 3003 triariorum
1285 2956 1440 3019 equiti
1464 2956 1680 3023 praesidiz-

162 3047 263 3082 um.
299 3030 572 3096 legionarii
597 3039 780 3079 ceteras
798 3038 960 3097 partes
979 3031 1293 3121 pervadunt·
1330 3032 1608 3099 direptione
1627 3032 1681 3083 δε

159 3112 290 3165 eaede
316 3109 624 3173 obviorum,
657 3108 746 3160 nifi
769 3109 863 3177 qui
866 3110 1032 3226 4ἓιττιὶς
1052 3108 1101 3161 se
1128 3110 1411 3179 tuebantur,
1434 3110 1681 3227 abffinueg:

951 3190 978 3237 3
1533 3189 1627 3229 run
