2000 3700
312 209 423 282 1⁴³4⁸
820 219 1279 272 ·r.1.1v11

310 325 434 362 num
470 308 789 362 interficeret.
838 325 951 362 cum
986 311 1047 362 iis
1079 312 1242 380 ipsum
1277 317 1480 380 q‘uoque
1513 311 1838 366 Matiniss‘am

308 389 533 442 saucium
568 393 723 458 prope
753 393 781 439 ὲ
806 391 1036 460 inanibus
1059 392 1190 441 inter
1209 393 1481 441 tumultum
1506 393 1686 442 amisit.
1763 395 1834 444 In

306 467 579 536 conspestu
614 479 755 518 erant
777 465 1026 534 fugientes
1041 488 1057 531 ς
1091 469 1170 518 ala
1191 469 1432 534 equitum,
1467 470 1686 538 dispersa
1707 481 1832 522 toto

306 563 511 615 campo,
546 547 857 614 quibusdam,
890 559 947 598 ut
976 558 1311 612 occurrerent,
1346 564 1436 615 per
1469 551 1676 616 obliqua
1705 534 1834 600 ten-

307 625 556 692 dentibus,
590 627 809 693 quinque
832 627 990 676 hostes
1014 625 1329 693 sequebatur.
1363 628 1523 676 amnis
1533 628 1719 692 ingens
1743 627 1831 678 fu-

308 707 503 770 gientes
524 705 731 772 accepit,
766 706 945 770 (neque
968 705 1103 754 enim
1129 703 1433 768 eun-stanter,
1465 715 1525 755 ut
1553 719 1680 772 quos
1701 721 1830 768 rna-5

304 783 392 848 jor
414 793 571 832 metus
593 792 809 847 urgeret,
846 781 1152 834 immiserant
1185 781 1359 848 equos)
1392 783 1627 848 raptique
1647 783 1827 847 gurgi·

308 873 378 924 te,
413 862 463 912 er
487 864 538 912 in
562 863 824 929 obliquum
858 861 1066 929 praelati.
1103 861 1299 912 duobus
1331 861 1384 912 in
1417 861 1688 930 conspestu
1725 863 1825 913 ho—

306 941 455 991 stium
496 942 545 990 in
585 941 919 1008 praerapidum
956 941 1208 1006 gurgitem
1249 936 1443 1001 haustis',
1478 943 1584 1008 ipse
1625 939 1826 1008 periiffe

308 1020 544 1072 creditus.
579 1031 631 1070 at
652 1021 755 1070 duo
784 1020 958 1085 reliqui
980 1022 1174 1086 equites
1201 1033 1318 1070 cum
1351 1035 1416 1070 eo
1439 1020 1570 1070 inter
1592 1021 1825 1086 virgulta

306 1099 703 1167 ulterioris·ripae
738 1097 1061 1149 emerserunt.
1131 1101 1180 1149 Is
1205 1099 1320 1149 finis
1343 1101 1586 1152 Bocchari
1610 1099 1826 1166 sequen·

306 1179 363 1231 di
388 1179 498 1243 fuit,
534 1195 625 1230 nee
655 1179 845 1245 ingredi
877 1180 1065 1230 flumen
1088 1177 1230 1240 auso,
1262 1193 1353 1228 nec
1375 1179 1563 1230 habere
1595 1168 1826 1230 eredenti

308 1259 363 1310 se
381 1259 505 1322 jam,
540 1273 689 1323 quem
711 1257 1013 1324 sequeretur.
1084 1256 1210 1307 Inde
1232 1269 1394 1305 vanus
1415 1247 1591 1307 auster
1619 1255 1824 1306 absum·

309 1337 387 1406 pti
410 1333 669 1387 Masinissae
688 1335 752 1386 ad
781 1348 949 1400 regem
970 1322 1146 1396 rediit3
1179 1333 1420 1400 miffique,
1437 1335 1524 1400 qui
1551 1335 1825 1398 Karthagi-

310 1429 429 1464 nem
451 1415 689 1479 gaudium
724 1413 894 1478 ingens
917 1414 1240 1464 nunciarent:
1276 1421 1486 1478 totaque
1517 1411 1709 1477 Africa,
1745 1411 1826 1462 fa-

309 1489 395 1542 ma
416 1492 589 1542 mortis
612 1491 869 1542 Mafiniffae
891 1491 1096 1558 repleta,
1118 1491 1258 1541 varie
1278 1481 1472 1541 animos
1487 1487 1674 1541 affecit.
1707 1491 1824 1540 Ma·

306 1566 469 1618 finiffa
506 1570 557 1618 in
587 1569 817 1637 spelunea
844 1569 1064 1632 occulta,
1095 1582 1250 1636 quum
1279 1568 1447 1618 herbis
1484 1561 1683 1619 curaret
1702 1567 1820 1618 vul-

310 1657 421 1706 nus,
456 1643 670 1695 duorum
705 1646 929 1711 equitum
962 1645 1228 1696 latrocinio
1260 1659 1350 1712 per
1381 1643 1486 1696 dies
1507 1643 1706 1710 aliquot
1739 1641 1826 1694 vi·

309 1721 407 1772 xit.
442 1720 531 1770 ubi
554 1723 775 1788 primum
798 1722 942 1774 duaa
964 1723 1194 1784 cicatrix,
1232 1724 1436 1790 patique
1460 1721 1598 1789 poss'e
1615 1721 1727 1772 visa
1741 1721 1822 1785 ja·

312 1797 599 1865 stationem,
630 1800 837 1851 audacia
860 1801 1050 1865 ingenti
1074 1800 1236 1868 pergit
1265 1801 1338 1850 ire
1359 1799 1422 1850 ad
1445 1815 1660 1865 regnum
1678 1815 1820 1867 repe-

311 1876 517 1925 tendum
538 1894 553 1925 :
588 1889 753 1945 atque,
790 1880 840 1927 in
869 1878 978 1945 ipso
1001 1878 1179 1927 itinere
1209 1876 1342 1927 haud
1362 1877 1470 1945 plus
1489 1873 1822 1942 quadraginta

310 1954 561 2018 equitibus
584 1955 813 2017 collestiS,
850 1969 1002 2020 quum
1027 1956 1078 2003 in
1103 1953 1360 2019 Massylus,
1395 1954 1558 2021 palam
1575 1953 1686 2017 jam
1697 1953 1822 2019 qui!

312 2030 426 2080 ess'et
449 2032 628 2092 serena,
650 2032 1094 2093 veniffet‚·tantum
1118 2043 1315 2081 motum
1339 2047 1494 2099 quum
1517 2030 1700 2081 favore
1719 2032 1821 2097 pri·

312 2108 457 2172 stine,
492 2119 598 2158 turn
624 2109 806 2173 gaudio
852 2108 1120 2176 insperata,
1155 2108 1309 2175 qubd‚
1345 2125 1492 2175 quem
1516 2108 1690 2176 perisse
1713 2124 1820 2159 ere·

310 2186 557 2251 diderant,
582 2188 883 2236 incolumem
908 2188 1192 2247 cernebant,
1227 2186 1363 2251 fecit,
1398 2198 1454 2236 ut
1477 2187 1610 2237 intra
1632 2200 1822 2254 paucos

312 2266 419 2316 dies
443 2265 529 2315 sex
551 2266 707 2314 millia
728 2266 949 2333 pediturn
974 2276 1300 2329 armatorum,
1337 2276 1554 2332 quatuor
1574 2267 1820 2331 equitum,

310 2345 377 2396 ad
398 2359 513 2393 eum
543 2344 871 2393 convenirent
890 2361 906 2392 ε·
938 2345 1138 2409 jamque
1166 2344 1340 2393 nonin
1359 2342 1647 2410 poffeffione
1666 2343 1822 2394 modu

314 2426 505 2492 paterni
530 2425 667 2487 regni
700 2423 829 2486 effet,
866 2422 949 2472 sed
980 2424 1131 2472 etiam
1150 2422 1312 2473 socios
1331 2422 1818 2486 Karthaginienfium

312 2503 526 2572 populos
561 2501 1036 2567 Masaesylorumque
1061 2501 1300 2561 fimo-(id
1339 2501 1578 2569 Syphacis
1603 2516 1817 2565 regnum

312 2582 437 2642 erat)
462 2581 686 2629 vastaret.
725 2579 854 2643 inde,
875 2579 1074 2627 irritato
1109 2578 1170 2627 ad
1194 2578 1378 2628 bellum
1402 2580 1653 2645 Syphace,
1691 2579 1832 2643 inter,

316 2658 505 2706 Cirtam
541 2658 929 2725 Hipponemque
966 2658 1018 2707 in
1049 2658 1184 2722 jugis
1217 2668 1623 2725 opportunorum
1657 2658 1722 2718 ad
1757 2674 1815 2710 o·

312 2735 451 2784 mnia
474 2737 721 2785 montium
746 2734 987 2785 consedit.

302 2842 307 2849 -
380 2816 635 2881 XXXIII.
671 2813 921 2876 Majorem
958 2814 1113 2876 igitur
1147 2827 1258 2862 eam
1295 2829 1397 2863 rem
1426 2813 1636 2880 Syphax
1661 2822 1814 2881 ratus,

312 2894 459 2955 qutun
482 2899 537 2939 ut
562 2904 646 2955 per
662 2888 943 2955 praefefiium
968 2899 1152 2952 ageret,
1189 2904 1304 2939 cum
1334 2892 1440 2940 filio
1474 2891 1684 2954 juvene
1701 2894 1814 2956 (no-

311 2971 428 3017 m'en
454 2966 700 3015 Verminae
722 2968 845 3030 erat)
878 2976 1016 3030 parte
1039 2966 1284 3015 exercitus
1301 2967 1464 3029 missa,
1486 2968 1718 3034 imperat,
1738 2980 1812 3034 ut,

310 3042 646 3095 circumdusto
676 3042 889 3107 agmine,
924 3042 977 3093 in
1002 3040 1052 3093 se
1073 3042 1324 3094 intentum
1353 3044 1544 3105 hoste-m
1569 3046 1634 3095 ab
1665 3056 1812 3109 tergo

1661 3137 1810 3177 {EVC-
