2000 3700
275 227 342 281 ιο
779 227 1291 286 T.L1.v11-

264 327 420 380 quam
443 314 752 380 mittebatur,
775 315 836 367 de
861 317 1103 386 Hispania
1125 315 1384 374 retinenda
1408 317 1649 384 sollicitis,
1669 330 1780 371 tan·

271 387 424 459 quam
459 395 628 444 omnia
663 391 989 462 prosperasin
1034 397 1177 446 Italia
1213 395 1384 446 effent.
1452 399 1513 448 In
1538 397 1783 466 Hispania

272 485 350 521 res
383 471 592 536 quadam
628 489 692 523 ex
725 485 864 540 parte
889 473 1098 525 eandem
1120 473 1391 539 fortunam,
1425 476 1644 543 quadam
1665 476 1781 526 lon-

274 553 334 617 ge
373 549 616 618 disparem
656 549 932 604 habebant:
985 553 1211 618 eandem,
1267 555 1401 621 quod
1439 558 1615 624 proelio
1656 553 1781 606 viffi

277 627 726 708 Karthaginienses,
757 629 884 680 duce
902 630 1097 695 amisso,
1125 632 1175 682 in
1199 631 1423 685 ultimam
1448 631 1699 700 Hispaniae
1722 645 1781 681 o-

274 719 382 755 ram
405 691 555 774 usque
578 709 641 757 ad
671 712 924 759 Oceanum
947 707 1189 776 compulsi
1214 720 1383 760 erant:
1423 707 1669 778 disparem
1690 725 1785 758 au·

276 791 394 845 tem,
431 786 562 851 quod
589 785 850 854 Hispania,
869 802 972 837 non
997 791 1147 853 quam
1170 787 1320 839 Italia
1338 789 1505 853 modo,
1532 787 1613 838 sed
1632 793 1785 853 quam

275 862 375 915 una
400 879 510 930 pars
547 876 804 926 terrarum,
841 865 972 916 bello
998 865 1275 934 reparando
1298 866 1465 934 aptior
1486 877 1606 928 erat,
1637 865 1787 928 lqco·

273 956 386 994 rum
423 943 782 1011 hominumque
796 945 1048 1010 „ingeniis
1120 949 1295 1012 Itaque
1332 962 1452 1013 ergo
1481 947 1643 1016 prima
1664 947 1787 994 Ro-

199 1035 238 1084 ᾓ
275 1023 436 1072 manis
475 1023 602 1072 inita
639 1025 1033 1092 provinciarum,
1078 1040 1189 1089 quae
1232 1024 1433 1092 quidem
1473 1021 1786 1076 continenti·

275 1099 384 1165 sint,
423 1103 660 1172 postrema
703 1095 948 1165 omnium,
989 1103 1155 1153 nostra
1194 1103 1393 1152 demum
1434 1113 1593 1167 aetate,
1628 1099 1787 1152 dustu

271 1177 598 1246 auspicioque
623 1181 830 1246 Augusti
857 1179 1076 1244 Caesaris,
1113 1180 1393 1248 perdomita
1415 1179 1648 1230 est.1bi
1672 1189 1789 1228 tum

277 1254 554 1308 Hasdrubal
581 1257 834 1325 Gisgonis,
867 1257 1127 1310 maximus
1156 1235 1538 1324 clarissimusque
1562 1271 1624 1307 eo
1646 1253 1790 1318 bello

231 1349 238 1354 ·
275 1333 548 1399 fecundum
571 1338 806 1390 Barcinos
829 1337 951 1402 dux,
986 1335 1223 1403 regressus
1244 1335 1311 1386 ab
1344 1336 1587 1398 Gadibus,
1618 1332 1787 1385 rebel-

277 1411 413 1464 landi
449 1414 583 1480 spem
606 1414 878 1480 adjuvante
908 1418 1133 1480 Magone
1165 1414 1461 1465 Hamilcaris
1494 1413 1616 1477 filio,
1650 1411 1799 1465 dele·

281 1491 442 1543 stibus
464 1510 552 1562 per
583 1495 874 1546 ulteriorem
898 1493 1188 1562 Hispaniam
1220 1493 1419 1559 habitiS,
1452 1493 1515 1544 ad
1536 1494 1792 1560 quinqua-

279 1571 420 1638 ginta
444 1573 600 1624 millia
635 1573 878 1642 peditum,
913 1567 963 1624 ἃ
989 1585 1206 1640 quatuor
1226 1573 1383 1631 millia
1413 1573 1465 1626 ἃ
1486 1573 1793 1640 quingente·

282 1651 474 1716 equites
497 1655 727 1704 armavit.
767 1655 844 1702 De
869 1651 1171 1719 equestribus
1192 1653 1351 1720 copiis
1374 1651 1531 1703 ferme
1553 1653 1676 1702 inter
1694 1666 1791 1712 au-

281 1723 439 1778 steres
473 1732 744 1780 convenit:
780 1730 1006 1798 peditum
1041 1729 1355 1795 septuaginta
1389 1728 1545 1782 millia
1579 1729 1791 1795 quidam

282 1805 490 1857 adduaa
525 1808 588 1859 ad
623 1808 824 1877 Silpiam
860 1807 1036 1859 urbem
1072 1807 1309 1859 scribunt.
1378 1806 1458 1863 Ibi
1483 1801 1625 1875 super
1648 1821 1791 1859 cam-

281 1898 377 1953 pos
411 1894 632 1953 patentee
666 1886 780 1938 duo.
803 1887 951 1937 duces
987 1886 1124 1937 Poeni
1160 1886 1218 1935 ea
1243 1894 1427 1951 mente,
1462 1899 1525 1937 ne
1548 1882 1795 1947 detresta-

284 1972 399 2013 rent
421 1974 684 2026 certamen,
721 1963 1069 2025 consederunt.

356 2044 510 2092 XIII.
548 2043 732 2110 scipio,
767 2058 925 2111 quum·
954 2041 1019 2093 ad
1056 2056 1173 2091 eum
1207 2039 1342 2091 fama
1365 2039 1795 2109 tantivcomparati

286 2118 535 2171 exercitus
557 2121 746 2187 perlata
765 2118 898 2183 estet,
932 2134 1094 2185 neque
1115 2119 1354 2169 Romanis
1374 2118 1656 2184 legionibus
1679 2129 1795 2171 tan-

290 2206 354 2247 tae
378 2195 426 2246 se
449 2212 617 2265 parem
642 2194 752 2247 fore
774 2196 1083 2247 multitudini
1107 2207 1261 2261 ratus,
1293 2206 1476 2247 utnon
1500 2194 1551 2246 in
1576 2194 1797 2263 speciem

289 2272 464 2325 saltem
486 2286 858 2342 opponerentur
885 2275 1215 2324 barbarorum
1238 2272 1444 2336 auxilia,
1477 2284 1639 2339 neque
1660 2274 1713 2323 in
1732 2275 1798 2325 iis

239 2362 243 2379 ¹
291 2358 460 2408 tamen
493 2360 687 2401 tantum
717 2350 902 2400 virium
926 2348 1230 2419 ponendum,
1272 2358 1328 2398 ut
1348 2348 1593 2400 mutando
1624 2349 1796 2416 fidem,

291 2440 402 2493 quae
423 2426 573 2477 cladis
594 2428 740 2479 eausa
761 2426 925 2477 suisset
949 2430 1079 2494 patri
1103 2438 1397 2495 patruoque,
1420 2442 1659 2493 magnum
1676 2444 1795 2479 mo·
1866 2438 1875 2442 ’

290 2514 514 2556 mentum
537 2502 774 2567 facerent,
793 2503 1033 2572 praemisso
1059 2504 1221 2555 Silano
1244 2503 1307 2553 ad
1328 2503 1584 2568 Colcham,
1604 2504 1797 2557 duode-

291 2580 499 2646 triginta
532 2582 730 2651 oppidis
762 2592 1069 2647 regnantem,
1102 2592 1159 2632 ut
1188 2583 1378 2649 equites
1410 2581 1693 2649 peditesque
1726 2585 1797 2636 ab

293 2674 376 2725 eo,
410 2674 536 2726 quos
557 2656 605 2709 se
629 2676 716 2728 per
737 2661 951 2711 hiemem
973 2660 1368 2729 conscripturum
1394 2661 1640 2726 pollicitus
1667 2672 1796 2729 e-rat,

292 2737 556 2803 acciperet,
589 2734 691 2805 ipse
729 2737 793 2788 ab
827 2740 1119 2797 Tarracone
1158 2734 1421 2805 ρτὸὶεᾶυε,
1462 2738 1687 2805 protinus
1725 2740 1799 2789 ab

294 2814 459 2876 sociie,
492 2816 578 2881 qui
599 2816 833 2866 accolunt
854 2816 1011 2879 viam,
1044 2816 1242 2865 modica
1276 2815 1616 2867 contrahendo
1645 2818 1797 2868 auxi-

270 2893 381 2958 ¹lia,
419 2892 730 2945 Castulonem
766 2895 1015 2963 pervenit.
1084 2896 1161 2943 Εὸ
1191 2893 1398 2944 αάἀιιᾶει
1420 2894 1484 2943 ab
1506 2894 1671 2944 Silano
1691 2910 1801 2944 au-

295 2972 439 3036 xilia,
473 2972 571 3022 tria
602 2972 758 3023 millia
781 2971 1002 3039 peditum
1040 2973 1089 3023 ἃ
1124 2975 1383 3038 quingenti
1407 2973 1612 3039 equites.
1679 2972 1802 3026 inde

297 3046 367 3111 acl
397 3051 642 3109 Baeculam
671 3051 848 3107 urbem
880 3051 1158 3172 progtess’us
1180 3043 1319 3107 omni
1340 3052 1563 3107 exercitu
1586 3049 1801 3181 cil-rium,

1651 3143 1801 3184 octo-

1966 1318 1996 1929 l

1984 1932 2000 2410 Ξ
