2000 3700
599 244 649 296 L
681 246 708 294 1
741 244 780 294 B
815 243 859 294 Ε
889 243 939 294 R
1003 241 1264 294 xxvm.
1652 253 1719 307 τ’

207 335 482 399 sociorum,
517 334 743 404 peditum
775 335 1107 401 equitumque
1150 333 1376 398 quinque
1414 329 1469 384 δε
1502 333 1726 400 quadra·-
1746 329 1757 336 ”

209 415 356 480 ginta
371 413 622 464 millibus.
677 413 842 462 Castra
866 420 1106 480 ponentes
1131 425 1219 462 eos
1242 411 1403 475 Mago
1426 411 1477 462 ἀ
1499 407 1727 462 Masinis-

214 493 272 544 sa
293 509 412 543 cum
437 493 578 543 omni
603 492 827 558 equitatu
843 489 1049 556 aggi-elli
1066 488 1197 540 sunt.
1232 488 1600 558 turbassentque
1616 503 1731 544 mu·

215 569 439 632 nienteS,
458 571 510 618 ni
531 569 690 619 abditi
715 568 821 638 post
839 567 1107 630 tumulum,
1142 569 1425 656 opportune
1451 565 1513 616 ad
1531 565 1582 618 id
1602 565 1733 636 poli·

154 657 346 721 tum,
385 647 451 698 ab
473 647 707 716 Scipione
741 647 930 712 equites
965 645 1280 714 improviso‘
1266 661 1321 695 ιιι
1354 641 1535 695 effusos
1557 645 1738 696 incur·

209 725 406 778 riffent.
477 727 546 776 Hi
570 725 987 794 promptissimum
1007 739 1273 814 quemque,
1309 722 1360 774 &
1376 725 1607 791 proxime
1623 723 1736 774 val·

203 804 344 869 lum,
376 816 527 871 atque
548 805 599 855 in
619 801 749 872 ipsos
765 804 1041 862 munitores
1058 803 1279 872 primum
1304 799 1577 866 investum,
1611 802 1735 854 vix-

207 883 339 956 dum
367 882 544 952 proelio
569 883 718 947 inite,
752 881 1026 934 fuderunt:
1062 897 1177 932 cum
1200 880 1395 953 ceteris,
1430 881 1518 948 qui
1549 879 1639 932 sub
1672 878 1735 942 si·

207 962 328 1030 gnis
357 972 510 1028 atque
543 960 720 1013 ordine
753 959 966 1025 agminis
1002 957 1311 1023 incesserant,
1346 957 1547 1026 longior
1568 959 1620 1009 ἃ
1644 957 1735 1013 diu

209 1037 464 1102 ambigua
485 1052 656 1105 pugna
677 1036 791 1086 fuit.
829 1035 909 1086 sed
935 1051 1091 1102 quum
1116 1036 1181 1086 ab
1202 1034 1495 1086 stationibus
1513 1036 1734 1103 primum

209 1115 468 1182 expeditae
499 1116 748 1182 cohorteS,
783 1113 960 1164 deinde
999 1128 1067 1164 ex
1103 1130 1254 1180 opere
1291 1112 1491 1163 dedusti
1531 1113 1735 1179 milites,

206 1203 364 1260 atque
383 1209 522 1243 arma
539 1207 713 1260 capere
725 1192 838 1258 julli
855 1193 1021 1260 plures
1040 1191 1090 1242 ἃ
1109 1193 1292 1256 integri
1312 1190 1453 1255 fessis‘,
1470 1207 1737 1258 magnum·

212 1287 320 1343 que
347 1271 455 1335 jam
477 1286 660 1336 agmen
681 1282 992 1322 armatorum
1026 1275 1057 1321 a
1097 1270 1261 1322 castris
1298 1271 1351 1320 in
1374 1270 1601 1338 proelium
1622 1287 1737 1322 rue-

101 1366 114 1373 ·
212 1360 314 1414 ret,
348 1359 489 1414 terga
511 1348 646 1398 haud
675 1347 824 1399 dubie
857 1357 1065 1399 vertunt
1092 1348 1229 1398 Poeni
1255 1345 1602 1424 Numidnque.
1671 1347 1738 1398 Et

209 1428 388 1518 primo
409 1426 668 1478 turmatim
691 1426 913 1491 abibant,
955 1425 1085 1477 nihil
1104 1435 1313 1494 propter
1335 1439 1580 1494 pavorem
1603 1423 1738 1476 festi·

215 1506 550 1558 nationemve
571 1503 786 1556 confusis
809 1499 1097 1556 ordinibus:
1133 1503 1266 1568 dein,
1300 1503 1557 1571 postquam
1575 1503 1738 1558 acrio:

214 1573 411 1636 ultiniis
449 1583 704 1634 incidebat
740 1586 1015 1656 Romanus,
1070 1597 1235 1650 neque
1270 1581 1487 1633 sustineri
1520 1583 1740 1650 impetus
1778 1621 1793 1625 -

217 1671 442 1732 poterat,
465 1659 634 1711 nihil
613 1676 720 1726 jam
745 1659 978 1712 ordinum
997 1673 1261 1723 memores,
1286 1658 1473 1728 passim,
1500 1659 1599 1726 qua
1620 1659 1740 1710 cui-

221 1754 325 1808 que
345 1739 642 1808 proximum
667 1738 780 1800 suit,
803 1740 856 1790 in
878 1737 1054 1802 fugam
1076 1737 1418 1788 effunduntur.
1485 1739 1552 1786 Et
1576 1751 1737 1804 quan-

213 1833 379 1908 quam
403 1833 466 1884 c9
491 1819 668 1885 proelio
691 1812 1003 1885 aliquantum
1026 1815 1078 1866 Bt
1098 1816 1338 1867 Romanis
1355 1813 1487 1865 auffl
1506 1813 1556 1865 a&
1578 1813 1741 1866 demi-

207 1890 350 1948 ‚nuti
370 1895 596 1947 hostibus
649 1896 805 1947 animi
839 1904 997 1956 erant,
1047 1903 1219 1949 tamen
1254 1908 1513 1961 nunquam
1546 1892 1743 1965 aliquot

219 1974 540 2043 insequentes
579 1973 682 2025 dies
729 1980 794 2025 ab
836 1970 1213 2025 excursionibus
1232 1973 1479 2043 equitum
1510 1972 1739 2041 levisque

217 2062 487 2127 armaturae
509 2052 746 2103 cessatum
769 2052 858 2102 est.
1764 2054 1767 2059 ’
1805 2117 1809 2121 ¹

287 2132 438 2183 XIV.
472 2108 572 2181 Ubi
597 2129 712 2185 satis
735 2140 937 2181 tentatae
963 2144 1056 2198 per
1084 2129 1189 2181 haee
1216 2128 1351 2181 levia
1370 2130 1640 2182 certamIna
1655 2128 1739 2181 vi-

216 2225 301 2265 res
326 2210 456 2275 sunt,
491 2212 631 2278 prior
653 2208 976 2261 Hasdrubal
962 2226 1015 2259 ιιι
1038 2210 1199 2260 aciem
1217 2210 1387 2279 copias
1408 2210 1613 2261 eduxit.
1648 2209 1739 2262 de

215 2288 339 2341 inde
361 2288 413 2340 ἃ
439 2290 659 2339 Romani
683 2288 978 2356 processere,
1017 2281 1101 2338 se'd
1124 2298 1331 2355 utraque
1354 2289 1483 2339 acies
1506 2303 1602 2357 pro
1624 2286 1740 2339 val·

216 2367 278 2418 lo
299 2366 429 2417 stetit
450 2365 709 2417 insti-usta.
745 2366 796 2417 &
814 2381 968 2433 quum
990 2365 1055 2416 ab
1086 2365 1273 2416 neutris
1298 2380 1465 2433 pugna
1484 2376 1644 2433 coepta
1661 2362 1739 2416 ef·

220 2441 318 2509 set,
345 2444 452 2509 jam
477 2442 558 2493 die
587 2442 650 2493 ad
673 2441 904 2493 occasum
923 2442 1210 2505 inclinante,
1243 2446 1273 2492 ὲ
1290 2444 1442 2492 Poeno
1461 2444 1616 2511 prius,
1650 2442 1737 2493 de·

217 2521 341 2575 inde
369 2522 434 2573 ab
464 2524 698 2573 Romano
728 2523 780 2571 in
810 2522 964 2571 castra
985 2523 1145 2590 copia
1168 2516 1396 2572 redusiae.
1466 2524 1581 2572 Hoc
1602 2520 1735 2575 idem

220 2614 316 2672 per
349 2599 453 2651 dies
481 2600 680 2665 aliquot
711 2598 914 2653 fastum.
948 2600 1089 2667 prior
1122 2598 1316 2667 semper
1351 2600 1527 2649 Poenus
1564 2601 1736 2669 copiae

219 2678 390 2733 castris
432 2678 708 2729 educebat..
743 2679 884 2747 prior
917 2676 1044 2729 feffis
1078 2678 1248 2730 stando
1282 2676 1476 2749 iignum
1510 2680 1735 2746 receptui

218 2758 392 2811 dabat.
427 2758 492 2811 ab
525 2768 702 2809 neutra
735 2768 878 2827 parte
916 2757 1225 2826 procursum,
1267 2758 1485 2809 telumve
1516 2757 1735 2827 miffum,

221 2846 314 2891 aut
337 2850 446 2886 vox
469 2835 570 2885 ulla
592 2845 721 2887 orta.
757 2834 975 2887 mediam
995 2836 1159 2886 aciem
1188 2836 1305 2886 hinc
1328 2837 1561 2899 Romani,
1597 2836 1736 2903 illinc

219 2906 669 2979 Karthaginienses
681 2915 832 2967 mixti
857 2914 1009 2979 Afris,
1028 2928 1217 2966 cornua
1239 2915 1363 2967 socii
1387 2916 1652 2968 tenebant:
1678 2931 1734 2967 e-

215 3006 336 3049 rant
355 3004 526 3049 autem
555 2994 789 3062 utrinque
808 2992 1019 3062 Hispani
1042 3010 1135 3063 pro
1159 2994 1411 3047 cornibus.
1445 3006 1561 3047 ante
1580 2994 1741 3053 Puni-

213 3086 334 3139 §am
353 3072 518 3129 aciem
541 3072 794 3145 elephanti
823 3072 1135 3131 castellorum
1162 3071 1341 3147 procul
1362 3072 1732 3203 speciembprae-

245 3190 250 3197 .
855 3192 863 3199 .
1513 3150 1580 3207 be
1622 3158 1735 3213 ant,
