2000 3700
357 207 427 270 a
892 205 1353 258 T.Lrv11

350 297 550 364 repente
572 293 736 364 porta,
769 296 988 348 Romani
1024 312 1143 348 cum
1176 297 1401 348 clamore
1424 308 1725 366 erumpuntr
1757 306 1862 350 tur·

353 371 598 439 batosque
636 373 812 436 hostes,
848 371 899 422 ἃ
928 373 991 424 ad
1028 375 1249 442 primum
1284 373 1537 424 incursum
1560 373 1867 439 conjeaum5

351 466 455 520 que
477 450 692 501 telorum
713 448 933 514 aversos,
965 451 1123 518 usque
1155 449 1225 500 ad
1250 451 1392 502 littus
1415 467 1531 502 cum
1554 453 1711 502 multa
1734 453 1867 503 caedc

353 527 729 600 persequuntur.
764 543 874 590 nec,
912 527 1000 578 nisi
1034 543 1192 579 naves
1224 529 1383 581 littori
1406 527 1623 596 appulsae
1647 529 1867 598 trepidos

351 603 666 674 accepissent,
688 602 999 672 superfuisset
1022 621 1201 672 pugna
1226 619 1313 656 aut
1335 607 1467 672 fugae
1490 606 1769 674 quisquam.
1804 609 1865 658 ln

355 683 467 754 ipsis
499 699 700 750 quoque
734 683 1033 750 trepidatum
1066 685 1285 736 navibus
1318 686 1422 748 est„
1438 685 1575 748 dum,
1608 701 1675 736 ne
1708 685 1866 736 hostes

354 777 473 816 eum
494 759 592 810 suis
614 760 755 812 simul
773 762 1123 828 irrumperent,
1157 762 1361 812 trahunt
1381 763 1549 828 scalas,
1582 763 1796 832 orasque
1815 763 1865 814 δε

353 831 614 904 anchoras,
647 854 712 889 ne
729 839 1055 891 inmoliendo
1074 855 1217 892 mora
1234 840 1369 904 css'et,
1406 842 1707 906 precidunt.
1739 843 1866 892 mul·

355 919 494 982 tique
511 915 746 966 adnantes
761 917 996 986 nauibus,
1031 916 1227 968 incerto
1250 933 1349 984 prae
1373 917 1605 980 tenebris,
1642 919 1765 986 quid
1781 929 1867 969 aut

354 1005 580 1067 peterent
612 1005 702 1044 aut
737 996 972 1058 vitarent,
1005 994 1133 1045 foede
1164 996 1480 1045 interierunt.
1546 997 1755 1048 Postero
1784 997 1865 1046 die

351 1089 512 1144 quum
531 1072 683 1124 claffis
704 1072 821 1124 inde
843 1084 979 1124 retro
995 1073 1059 1122 ad
1082 1077 1355 1136 Oceanum,
1379 1073 1511 1124 unde
1537 1086 1767 1136 venerat,
1788 1073 1865 1124 su·

329 1150 510 1223 ‚giffeg
544 1149 607 1202 ad
635 1151 908 1217 octingenti
931 1152 1159 1202 homines
1194 1151 1301 1203 caesi
1324 1153 1456 1205 inter
1478 1167 1686 1204 murum
1708 1153 1867 1204 littus·

353 1245 472 1301 que,
505 1227 556 1281 δε
581 1228 650 1280 ad
667 1229 770 1280 duo
793 1231 948 1281 millia
969 1245 1227 1280 armorum
1250 1231 1481 1282 inventa.

423 1308 706 1358 xxxva.
741 1309 918 1371 Mago,
952 1321 1107 1372 quum
1145 1305 1311 1355 Gades
1346 1304 1613 1374 repetffl‘et,
1637 1305 1871 1364 exclusus

355 1382 490 1446 inde,
520 1381 586 1434 ad
616 1383 836 1434 Cimbim
871 1382 1023 1445 (haud
1050 1384 1223 1448 procul
1244 1388 1275 1434 a
1303 1382 1529 1434 Gadibus
1552 1385 1593 1434 is
1616 1383 1763 1435 locus
1782 1385 1866 1436 ab·

353 1463 442 1529 est)
465 1459 606 1512 claffo
621 1460 844 1528 appulsa,
855 1460 1110 1510 mittendis
1132 1461 1323 1526 legatis,
1340 1460 1716 1528 querendoque,
1740 1461 1870 1528 quod

353 1551 514 1610 porta
543 1537 632 1590 fibi
655 1537 794 1589 socio
816 1548 964 1604 atque
991 1540 1159 1588 amico
1189 1537 1362 1590 clausae
1380 1537 1565 1599 forent,
1600 1540 1867 1606 purganti·
1967 1551 1968 1556 ’

351 1617 448 1677 bus
469 1617 546 1679 iiS,
578 1613 908 1666 multitudinis
931 1613 1175 1665 concursu
1200 1614 1402 1678 fastum,
1436 1614 1621 1666 infesta:
1645 1617 1722 1668 ob
1746 1618 1870 1668 dire·

353 1701 444 1766 pta
463 1691 686 1760 quaedam
721 1691 810 1742 abs
844 1692 1287 1743 conscendentibus
1318 1708 1475 1752 naves
1505 1694 1773 1756 militibus,
1806 1693 1869 1746 ad

351 1770 661 1838 colloquium
685 1769 886 1821 suffetes
909 1785 1101 1832 eorum,
1139 1771 1227 1836 qui
1246 1769 1465 1820 summus
1484 1773 1645 1822 Poenis
1664 1774 1735 1822 est
1759 1789 1865 1824 rna-

351 1851 598 1919 gistratuS,
633 1866 746 1901 cum
768 1850 1002 1917 quaestore
1038 1850 1231 1911 elicuit,
1266 1846 1607 1916 laceratosque
1638 1852 1865 1903 verberi·
1969 1856 1970 1859 ’

353 1930 450 1985 bus
470 1928 606 1981 cruci
626 1928 758 1993 affigi
777 1927 939 1991 ⁴justit:
973 1926 1091 1977 inde
1114 1926 1328 1977 navibus
1356 1924 1419 1976 ad
1450 1926 1715 1993 Pityusam
1733 1928 1867 1981 insu-
1969 1922 1970 1927 ’

349 2009 470 2071 lam,
505 2016 708 2057 centum
741 2006 897 2055 millia
919 2003 1076 2055 ferme
1109 2010 1138 2054 a
1162 2003 1457 2064 continenti,
1492 2005 1650 2065 (Poeni
1686 2016 1797 2057 tum
1822 2022 1869 2055 e·

351 2098 436 2137 am
457 2081 762 2146 incolebant)
795 2080 1019 2144 trajecit:
1056 2080 1225 2144 itaque
1254 2078 1409 2129 clanis
1434 2080 1567 2130 bona
1592 2096 1713 2131 cum
1745 2080 1866 2150 pace

351 2170 559 2227 accepta
578 2156 660 2221 est,
694 2172 785 2209 nec
802 2166 1109 2209 commeatus
1132 2156 1283 2206 modo
1300 2156 1513 2221 benigne
1536 2158 1753 2225 praebiti‚
1781 2157 1865 2215 sed

353 2240 408 2292 in
433 2236 824 2305 supplementum
853 2233 1003 2285 claffis
1029 2234 1267 2297 juventus
1300 2250 1537 2301 armaque
1561 2234 1699 2286 data.
1738 2255 1865 2305 quo-

276 2308 302 2315 *
351 2331 468 2371 rum
485 2313 664 2365 fiducia
684 2316 857 2363 Poenus
877 2313 927 2363 in
945 2311 1160 2361 Baliares
1178 2311 1769 2379 insulas-(quinquaginta
1789 2318 1865 2366 in-

352 2396 418 2449 de
435 2393 590 2447 millia
607 2391 806 2456 absunt)
831 2388 1109 2442 transmisit.
1160 2392 1286 2441 Duae
1310 2390 1421 2440 sunt
1444 2392 1655 2443 Baliares
1674 2395 1865 2458 insulae,

351 2472 518 2541 major
539 2470 692 2523 altera
713 2481 859 2537 atque
899 2469 1187 2537 opulentior
1208 2470 1357 2519 annis
1380 2468 1635 2536 virisque:
1673 2472 1727 2523 ἃ
1744 2489 1863 2541 por-

355 2564 465 2607 tum
483 2550 649 2613 habet,
666 2550 754 2600 ubi
778 2547 1044 2600 commode
1067 2547 1439 2599 hibernaturum
1460 2543 1510 2599 se
1550 2550 1618 2615 (ac
1637 2549 1744 2614 jam
1768 2566 1861 2603 ex·

352 2644 569 2687 tremum
597 2629 820 2681 autumni
850 2631 974 2693 erat)
1011 2626 1257 2677 credebat.
1294 2632 1535 2691 ceterum,
1568 2628 1703 2679 haud
1723 2627 1864 2681 secus

352 2718 504 2781 quam
527 2708 562 2759 fi
587 2708 800 2759 Romani
817 2722 926 2757 eam
946 2706 1152 2757 insulam
1172 2706 1459 2767 incolerent,
1483 2706 1725 2757 hostiliter
1742 2707 1863 2759 clas-

354 2790 394 2843 fi
417 2786 679 2841 occursum
705 2786 791 2838 est.
861 2784 1047 2835 Fundis
1073 2795 1130 2833 ut
1160 2800 1288 2835 nunc
1312 2784 1600 2853 plurimum,
1638 2786 1707 2835 ita
1737 2796 1865 2841 tunc

355 2868 468 2923 solo
490 2882 552 2918 eo
569 2866 670 2917 telo
695 2864 976 2915 utebantur.
1014 2879 1105 2913 nec
1122 2856 1379 2930 quisquam
1403 2862 1603 2913 alterius
1621 2866 1787 2928 gentis
1801 2881 1862 2914 u-
1908 2858 1915 2862 ⁴

355 2962 452 3001 nus
475 2954 672 3009 tantum
688 2944 746 2993 ea
775 2954 900 3004 arte,
929 2952 1168 3009 quantum
1196 2942 1324 2991 inter
1346 2942 1469 2991 alios
1487 2957 1660 3014 omn‘es
1688 2943 1862 2993 Balia-

354 3039 434 3083 res
461 3022 731 3081 excellunt.
797 3022 965 3091 itaque
991 3031 1129 3073 tanta
1160 3022 1237 3075 vis
1279 3020 1503 3093 lapidum
1546 3020 1863 3079 creberrimae

1700 3113 1854 3167 gran·
