2000 3700
719 207 771 264 Ι.
801 211 830 264 1
862 211 902 266 B
937 211 982 263 E
1012 213 1063 265 R
1131 211 1389 287 XXVHI.
1750 215 1815 272 ss

314 298 500 366 quitum
523 302 726 368 turmi8‚
759 302 824 354 ad
855 303 956 354 hoc
991 303 1267 369 velitibus,'
1284 307 1441 356 citato
1463 305 1621 372 gradu
1648 305 1703 358 in
1726 306 1815 358 ho.

318 375 424 426 stem
446 377 718 444 ducebant,
753 379 1073 446 sequentibus
1110 383 1161 430 in
1196 382 1454 448 obliquum
1479 383 1605 434 aliie.
1678 386 1815 434 Sinus

315 453 364 502 in
381 455 548 506 medio
573 468 697 520 erat,
734 457 854 523 quia
885 457 1085 522 segnius
1108 457 1441 524 Hispanorum
1464 458 1598 524 ligna
1616 459 1815 512 incede-

315 530 445 583 bant.
483 534 534 585 &
563 535 674 598 jam
699 536 1038 585 conflixerant
1059 551 1263 599 cornua,
1298 552 1469 602 quum,
1504 537 1640 604 quod
1664 537 1815 590 robo-

310 611 372 660 ris
394 611 447 660 in
481 613 590 661 acie
628 614 842 663 hostium
877 623 1005 678 erat,
1040 615 1177 664 Poeni
1200 615 1423 682 veterani
1448 613 1663 682 Afrique
1690 633 1817 668 non-

310 686 424 738 dum
447 690 511 740 ad
547 693 634 742 teli
658 692 940 755 conjestum
963 690 1225 755 venissent,
1257 707 1419 760 neque
1446 695 1497 744 in
1520 710 1728 760 cornua,
1762 707 1817 750 ut

305 766 604 832 adjuvarent
640 759 932 838 pugnantes,
966 767 1237 821 discurrere
1270 769 1527 834 auderent,
1560 787 1625 822 ne
1654 775 1817 842 aperi-

302 856 413 896 rent
435 847 654 897 mediam
690 851 850 898 aciem
885 849 1115 897 venienti
1152 862 1217 920 ex
1238 846 1449 900 adverso
1472 848 1619 900 hosti.
1690 856 1817 903 Cor-

303 936 400 972 nua
422 925 634 989 ancipiti
659 926 834 992 proelio
859 923 1198 988 urgebantur:
1234 937 1395 989 equa,
1413 924 1635 992 levisque
1654 943 1818 979 arma-

301 1010 427 1066 tura,
451 1004 648 1068 veliteS,
682 1003 1033 1054 circumduflis
1062 1004 1150 1052 alis
1187 1003 1237 1053 in
1270 1005 1427 1054 latera
1462 1005 1785 1058 incurrebant
1796 1026 1816 1072 3

302 1082 536 1132 cohortes
557 1089 590 1132 a
621 1081 790 1134 fronte
815 1081 1077 1148 urgebant,
1110 1093 1167 1132 ut
1187 1081 1539 1150 abrumperent
1560 1100 1752 1138 cornua
1772 1092 1809 1141 ὁ

301 1172 468 1212 cetera
490 1163 624 1212 acie.
994 1211 1002 1214 ,
1379 1161 1391 1168 ’

368 1243 491 1290 XV.
515 1242 586 1290 Et
608 1255 768 1308 quum
788 1239 854 1290 ab
877 1241 1021 1293 omni
1044 1251 1183 1309 parte
1206 1239 1591 1310 haudquaquam
1614 1259 1705 1312 par
1720 1259 1811 1314 pu·

300 1331 398 1382 gna
420 1331 544 1382 erat,
580 1331 692 1370 tum
725 1321 857 1385 quod
892 1320 1041 1371 turba
1064 1321 1331 1370 Baliarium
1374 1322 1693 1392 tironmnque
1716 1326 1805 1376 Hi-

301 1396 571 1465 spanorum
609 1401 847 1448 Romano
881 1397 1167 1463 Latinoque
1192 1397 1339 1447 militi
1370 1398 1564 1464 objetla
1586 1411 1708 1465 erat,
1742 1401 1797 1452 ec

299 1474 603 1542 procedente
631 1475 740 1540 jam
775 1475 876 1538 die,
910 1475 1044 1524 vires
1072 1476 1223 1524 etiam
1258 1474 1469 1526 deficere
1492 1478 1788 1530 Hasdrubali

297 1554 578 1602 exercitum
603 1563 872 1620 coeperant,
909 1550 1162 1619 oppreffos
1185 1554 1436 1605 matutino
1455 1555 1671 1607 tumultu
1692 1573 1783 1608 coa

300 1626 520 1694 aesque,
557 1629 845 1696 priusquam
867 1629 986 1678 cibo
1012 1645 1221 1696 corpora
1246 1631 1515 1697 firmarent,
1550 1635 1735 1702 raptim
1756 1635 1775 1684 i

301 1708 461 1758 aciem
481 1708 642 1758 exire.
695 1707 776 1756 Ad
799 1707 850 1756 id
872 1707 1043 1756 sedulo
1066 1707 1197 1756 diem
1222 1712 1717 1780 extraxerat-Scipio,
1753 1727 1773 1762 t

295 1781 407 1832 sera
437 1797 612 1851 pugna
647 1782 780 1832 effer.
816 1798 934 1832 nam
971 1783 1037 1832 ab
1066 1781 1274 1852 septima
1297 1784 1499 1836 demum
1522 1787 1647 1838 hora
1672 1787 1761 1857 ped

297 1870 408 1912 tum
432 1862 569 1927 signa
602 1862 838 1913 cornibus
873 1863 1271 1913 incucurrerunt.
1306 1864 1370 1915 ad
1392 1866 1579 1917 medias
1602 1868 1731 1917 acies
1754 1886 1759 1911 ,-

296 1940 530 2005 liquanto
554 1939 720 2009 ¹serius
754 1940 988 2007 pervenit
1021 1956 1218 2007 pugna:
1254 1941 1325 1990 ita
1360 1952 1417 1991 ut
1450 1944 1585 2011 prius
1623 1944 1753 1995 aestus

298 2017 578 2069 meridiano
603 2015 723 2080 sole,
757 2017 997 2081 laborque
1016 2015 1170 2066 standi
1193 2016 1283 2067 sub
1304 2018 1472 2079 armis,
1510 2018 1563 2070 ἃ
1578 2019 1747 2070 fimull

297 2108 402 2143 mes
425 2094 622 2159 litisque
657 2108 874 2163 corpora
909 2092 1173 2157 afficerent,
1208 2100 1359 2159 quam
1381 2110 1555 2146 manus
1578 2112 1693 2148 cum
1714 2098 1739 2145 l.

293 2170 364 2223 ste
386 2171 723 2222 consererent.
763 2174 941 2237 Itaque
965 2171 1199 2223 steterunt
1223 2171 1372 2221 scutis
1391 2173 1551 2223 innisi.
1587 2189 1703 2224 nam
1727 2194 1730 2223 :

295 2265 388 2318 per
409 2262 570 2301 cetera
605 2250 857 2317 elephanti
889 2250 1057 2315 etiam,
1091 2249 1404 2301 tumultuoso
1424 2267 1605 2317 genere
1626 2268 1725 2321 pug

296 2328 526 2397 equitum
559 2330 873 2395 velitumque
906 2328 956 2379 δε
991 2327 1118 2376 levis
1150 2338 1410 2379 armatura
1434 2330 1719 2383 consternat?

293 2410 534 2461 cornibus
567 2410 620 2457 in
656 2408 873 2459 mediam
898 2408 1058 2457 aciem
1083 2405 1183 2457 sese
1205 2408 1495 2459 intulerant.
1566 2411 1687 2461 Feffi

295 2498 383 2537 tur
403 2488 700 2555 corporibus
721 2484 1001 2552 animisque
1036 2487 1247 2537 retulere
1270 2487 1465 2554 pedem,
1502 2488 1699 2539 ordines

295 2582 414 2619 men
440 2567 714 2629 servanteS,
747 2566 883 2617 haud
907 2566 1063 2635 secuS,
1096 2573 1242 2633 quam
1264 2566 1300 2616 fi
1325 2568 1540 2635 imperio
1562 2567 1695 2621 ducis

295 2646 469 2699 derent
491 2648 690 2723 integra
711 2646 864 2697 acies.
899 2646 988 2696 Sed
1014 2662 1167 2711 quum
1189 2662 1251 2697 eo
1276 2646 1385 2713 ipso
1408 2649 1587 2713 acrius,
1618 2648 1687 2699 ub

267 2719 274 2725 ’
295 2724 528 2775 clinatam
553 2723 744 2775 sensere
767 2740 906 2787 rem,⁴
924 2720 1138 2774 videres
1172 2724 1222 2774 se
1255 2724 1471 2792 undique
1495 2726 1679 2803 invelie

297 2817 389 2853 nee
423 2802 570 2853 facile
599 2804 822 2871 impetus
855 2801 1077 2853 sustineri
1099 2805 1291 2872 poffet;
1322 2820 1605 2871 quanquam
1626 2823 1673 2857 re

295 2880 400 2945 bat,
434 2880 803 2947 obsistebatque
839 2880 1127 2931 cedentibus
1162 2880 1457 2951 Hasdrubal,
1490 2881 1543 2933 ab
1576 2893 1665 2953 terg

295 2957 417 3009 colles
439 2966 662 3027 uarumque
681 2966 920 3026 receptum,
941 2956 988 3023 fi
1008 2960 1167 3009 modic?
1176 2961 1231 3026 se
1250 2961 1507 3029 reciperent,
1535 2961 1657 3013 clam

298 3043 486 3107 tamen,
519 3037 764 3116 vincente
784 3038 1141 3095 verecundiam
1160 3048 1317 3107 metu,
1346 3042 1519 3111 (quum
1542 3054 1649 3109 pro:

1595 3129 1643 3187 ql
