2000 3700
271 257 342 309 fio
729 261 736 266 '
795 259 869 322 T.
937 257 984 310 L
1018 259 1047 310 1
1082 261 1131 310 V
1166 259 1192 309 1
1226 257 1254 309 1

270 345 474 400 bebant.
543 347 656 415 Jam
681 349 778 402 hoc
803 352 852 400 in
886 350 1105 418 utrisque
1132 348 1293 400 castris
1317 347 1557 400 sermonis
1579 358 1702 412 erat,
1728 332 1785 400 {-

267 420 342 487 ἴε,
395 439 452 476 ut
493 427 706 478 instruffl
749 429 992 494 stetissent,
1041 440 1366 498 pugnaturos.
1424 429 1611 480 medias
1649 429 1786 479 acies

272 507 560 557 Romanum
581 509 899 574 Poenumque,
935 525 1060 576 quos
1080 511 1210 560 inter
1232 509 1346 558 belli
1372 508 1515 558 causa
1535 509 1667 574 esset,
1692 523 1785 575 pa·

270 585 313 633 ri
349 585 534 635 robore
563 588 843 638 animorum
879 603 1233 652 armorumque
1263 588 1606 638 concursuros.
1676 587 1787 638 Sci-

275 661 361 728 pio
386 662 471 711 ubi
511 663 611 712 haec
648 664 888 714 obstinate
911 663 1098 713 credita
1121 663 1491 726 animadvertit,
1526 663 1694 714 omnia
1720 662 1788 712 de

274 737 506 788 industria
531 741 582 788 in
607 756 722 790 eum
747 740 894 802 diem,
931 757 1034 806 quo
1060 752 1366 808 pugnaturus
1386 751 1506 802 erat,
1539 741 1785 789 mutavit.

257 811 528 868 'Tefferam
563 818 754 886 vesperi
792 835 876 887 per
908 820 1059 868 castra
1084 819 1237 880 dedit,
1274 831 1328 869 ut
1352 830 1467 870 ante
1490 821 1649 869 lucem
1672 819 1789 870 viri

272 894 488 958 equique
519 897 678 944 curati
704 896 754 946 δε
777 895 935 962 pranfi
967 897 1145 947 essent:
1182 906 1401 946 armatus
1438 911 1581 962 eques
1611 895 1785 946 frena·

270 981 349 1020 tos
397 972 722 1042 instratosque
757 985 946 1024 teneret
979 967 1150 1040 equofi.
1222 975 1450 1025 Vixdum
1498 974 1608 1024 satis
1644 973 1785 1028 cert&

262 1047 402 1110 'Iuce,
435 1053 709 1116 equitatum
735 1068 934 1102 omnem
974 1068 1088 1102 cum
1120 1052 1223 1100 levi
1257 1063 1504 1102 armatura
1530 1053 1578 1102 in
1605 1052 1783 1102 statio·

267 1143 353 1178 nes
378 1131 584 1181 Punicas
621 1131 854 1184 immisit:
891 1131 1007 1196 inde
1046 1132 1300 1181 confestim
1338 1130 1443 1198 ipse
1480 1148 1593 1180 cum
1628 1131 1784 1195 gravi

246 1201 465 1272 ''agmine
492 1210 748 1274 legionum
774 1209 1015 1277 procedit,
1055 1220 1229 1276 praeter
1252 1209 1541 1276 opinionem
1566 1208 1785 1257 destina-

259 1281 370 1336 'tam
400 1287 600 1338 suorum
632 1289 957 1354 hostiumque,
995 1281 1227 1338 R'omano
1250 1289 1406 1338 milite
1431 1288 1661 1338 cornibus
1680 1287 1786 1338 fir-

257 1366 430 1428 ‘matiS‚
472 1365 616 1416 sociis
653 1371 702 1416 in
739 1367 953 1416 mediam
985 1369 1143 1416 aciem
1179 1370 1413 1434 acceptis.
1482 1367 1785 1432 Hasdrubal,

269 1443 492 1492 clamore
518 1446 738 1510 equitum
777 1447 1039 1510 excitatus,
1073 1455 1130 1494 ut
1166 1461 1230 1495 ex
1267 1445 1585 1495 tabernaculo
1620 1446 1785 1513 profi-
1819 1439 1827 1442 ’

179 1565 186 1570 ,
217 1565 226 1572 ,
263 1519 381 1584 luit,
421 1522 784 1588 tumultumque
813 1534 926 1572 ante
957 1523 1149 1572 vallum
1179 1525 1229 1574 8(
1262 1525 1638 1591 trepidationem
1658 1523 1784 1575 suo·

267 1611 396 1660 rum,
434 1600 484 1650 &
525 1602 702 1667 procul
737 1602 872 1664 ligna
904 1602 1160 1668 legionum
1200 1601 1461 1668 fulgentia,
1502 1600 1785 1669 plenosque

267 1677 482 1728 hostium
506 1694 708 1746 campos
733 1679 877 1740 vidit,
913 1681 1191 1746 equitatum
1218 1696 1417 1732 omnem
1443 1681 1696 1748 extemplo
1722 1681 1781 1732 in

266 1747 458 1822 equites
483 1759 684 1808 emittit.
722 1757 823 1826 ipse
849 1763 960 1810 cum
989 1758 1211 1826 peditum
1231 1761 1428 1823 agmine
1452 1760 1612 1809 eastris
1630 1775 1783 1824 egre.

263 1833 435 1887 ditur:
472 1853 564 1887 nec
593 1853 660 1888 ex
691 1837 864 1888 ordine
897 1837 1044 1889 solito
1077 1837 1346 1905 quicquam
1366 1836 1781 1891 acieinstruenda

263 1925 449 1966 mutat.
521 1916 755 1980 Equitum
783 1916 886 1980 jam
911 1916 997 1966 diu
1028 1932 1207 1983 anceps
1233 1932 1398 1984 pugna
1422 1927 1559 1976 erat:
1600 1932 1691 1965 nec
1732 1916 1779 1965 i-

262 1990 348 2061 ‘psa
375 2010 459 2059 per
483 1992 530 2042 se
561 1994 754 2044 decerni
783 2006 994 2061 poterat,
1034 1995 1151 2060 quia
1176 1994 1321 2061 puifis
1358 1994 1514 2061 (quod
1545 1998 1701 2061 prope
1722 1995 1781 2046 in

265 2072 434 2121 vicem
469 2072 637 2138 fiebat)
673 2073 723 2121 in
757 2074 919 2125 aciem
957 2074 1180 2141 peditum
1220 2084 1354 2122 tutus
1388 2084 1611 2139 receptus
1647 2084 1779 2124 erat.

264 2146 348 2197 sed
372 2149 460 2197 ubi
483 2149 583 2213 jam
615 2152 747 2202 haud
779 2153 885 2219 plus
904 2153 1202 2219 quingentos
1223 2146 1377 2217 passus
1406 2152 1533 2200 acies
1559 2150 1688 2198 inter
1707 2150 1782 2201 se-

262 2226 313 2278 se
342 2228 565 2293 aberant,
602 2229 738 2293 figno
775 2231 992 2297 receptui
1030 2231 1165 2291 dato,
1203 2230 1384 2295 Scipio,
1423 2227 1782 2295 patesafflsque

260 2305 536 2370 ordinibus·‚
561 2308 837 2373 equitatum
862 2324 1059 2359 omnem
1084 2308 1345 2371 levemque
1368 2313 1683 2369 armaturam,
1720 2308 1780 2361 in

262 2382 479 2433 medium
503 2395 756 2451 acceptam
780 2384 1127 2449 divisamque'
1116 2400 1167 2433 in
1199 2396 1358 2449 partes
1378 2382 1512 2445 duas,
1550 2385 1597 2433 in
1620 2383 1781 2435 subfi-

262 2462 356 2512 diis
379 2462 482 2528 post
504 2478 687 2513 cornua
707 2463 858 2513 locat
929 2460 1069 2522 Inde,
1102 2461 1188 2510 ubi
1222 2460 1554 2527 incipiendae'
1534 2475 1639 2523 jam
1672 2477 1775 2530 pu·

215 2544 224 2549 '
259 2554 372 2603 gnae
396 2549 583 2604 tempus
609 2551 728 2601 erat,
765 2538 1010 2603 Hispanos
1050 2538 1125 2597 (ea
1150 2537 1309 2587 media
1334 2538 1463 2587 acies
1486 2536 1600 2603 fuit)
1638 2538 1791 2605 pres-·

261 2614 319 2669 so
344 2617 497 2680 gradu
524 2618 749 2667 incedere
771 2617 932 2680 jubet.
971 2614 1075 2681 ipse
1093 2619 1120 2664 ὲ
1139 2616 1319 2665 dextro
1339 2630 1495 2665 cornu
1518 2615 1609 2677 (ibi
1627 2632 1776 2668 nam-

261 2711 360 2763 que
381 2701 603 2760 praeerat)
643 2698 881 2745 nuncium
911 2694 971 2743 ad
1008 2692 1221 2743 Silanum
1252 2692 1300 2742 &
1320 2693 1570 2742 Marcium
1594 2694 1775 2759 mittit,

259 2784 320 2822 ut
345 2788 499 2821 cornu
524 2772 847 2838 extenderent
872 2774 921 2821 in
955 2772 1133 2821 sinistra
1160 2781 1315 2837 parte,
1350 2770 1774 2835 quemadmodum

257 2848 314 2900 se
337 2848 618 2898 tendentem
649 2856 676 2899 ὲ
700 2850 876 2899 dextra
906 2848 1136 2898 vidiffent
1158 2866 1170 2897 ε
1208 2848 1258 2901 δε
1282 2864 1395 2897 cum
1420 2850 1663 2915 expeditis
1684 2866 1777 2917 pe·

263 2928 426 2981 ditum
445 2928 768 2993 equitumque
797 2928 932 2994 prius
957 2930 1177 2993 pugnam
1206 2924 1518 2977 consererent
1538 2943 1651 2976 cum
1673 2928 1773 2981 ho-

265 3008 350 3068 sse,
368 3008 513 3071 quam
529 3006 662 3055 coire
687 3004 814 3053 inter
837 3004 884 3052 se
907 3004 1082 3053 mediae
1098 3004 1227 3053 acies
1246 3002 1452 3071 posstnt.
1470 3006 1543 3053 Ita
1559 3003 1773 3057 diductis

247 3080 518 3147 homibus,
552 3096 668 3133 cum
685 3081 836 3135 ternis
860 3080 1086 3152 peditum
1105 3080 1429 3149 cohortibus,
1448 3080 1698 3201 ternisqute
1712 3098 1770 3128 e-

1564 3161 1651 3220 qui
1679 3161 1769 3204 um
